4740 6068
1877 390 1925 463 37

121 588 191 651 eins
210 583 428 649 temeritatem
448 581 527 644 satis
555 578 684 658 mirari,
710 578 855 660 iudices,
881 598 955 641 non
984 597 1084 659 queo.
1125 578 1215 640 Facit
1240 576 1459 660 apertissume
1483 584 1598 641 contra
1624 579 1751 662 legem:
1781 576 1926 657 facitis,

121 694 178 775 qni
197 713 308 773 neque
327 690 414 753 elabi
435 710 476 751 ex
497 687 620 749 iudicio
642 686 844 747 iucunditate
864 706 924 746 sua
945 706 1055 764 nequc
1083 683 1163 747 eniti
1190 682 1296 769 gratia
1324 693 1433 765 potest
1453 704 1563 763 neque
1583 684 1706 767 opibus
1727 695 1759 747 et
1779 682 1926 766 potentia

122 801 214 885 leges
234 821 272 861 ae
290 797 412 859 iudicia
432 794 650 877 perfringere.
691 795 784 876 Quae
803 812 856 853 res
877 791 1050 853 hominem
1071 790 1233 872 impellit,
1254 802 1290 853 ut
1310 792 1352 853 sit
1368 803 1437 853 tam
1457 790 1711 872 intemperans?
1732 788 1811 865 [Ista
1825 789 1927 850 nimia

122 907 248 991 gloriae
278 904 467 987 cupiditate}
496 900 668 962 Familiam
696 899 947 984 gladiatoriam,
977 900 1092 977 credo,
1125 909 1238 960 nactus
1265 908 1313 958 est
1345 896 1529 978 speciosam
1559 898 1708 959 nobilem
1733 897 1926 982 gloriosam.

125 1017 224 1078 Norat
243 1013 353 1075 studia
373 1007 509 1091 populi,
536 1006 669 1069 videbat
692 1008 854 1068 clamores
876 1018 907 1067 ct
929 1024 1109 1066 concursus
1131 1003 1273 1067 futuros.
1315 1005 1386 1065 Hae
1406 1003 1650 1085 exspectatione
1672 1007 1777 1066 clatus
1798 1005 1926 1084 homo,
1945 1014 1966 1077 5

121 1123 266 1204 flagrans
288 1117 465 1199 cupiditate
484 1113 628 1200 gloriae,
649 1125 760 1174 tenere
778 1133 814 1174 sc
836 1132 905 1173 non
925 1111 1048 1193 potnit,
1076 1111 1156 1190 quin
1179 1130 1237 1172 cos
1257 1110 1458 1195 gladiatores
1475 1110 1661 1191 induceret,
1682 1131 1825 1191 quornm
1840 1121 1926 1173 esset

120 1226 195 1307 ipse
215 1226 479 1307 pulcherrumus.
522 1222 555 1283 Si
575 1222 620 1281 ob
643 1241 716 1281 eam
737 1239 870 1281 causam
890 1230 1042 1300 peccaret
1063 1228 1094 1280 et
1114 1237 1178 1300 pro
1200 1218 1324 1280 recenti
1345 1216 1465 1299 populi
1483 1218 1629 1279 Romani
1650 1218 1685 1279 in
1706 1239 1741 1282 se
1762 1218 1924 1280 beneticio

122 1331 277 1413 populari
302 1330 415 1391 studio
445 1330 568 1407 elatus,
597 1337 708 1389 tamen
734 1327 920 1410 ignosceret
946 1347 1062 1388 nemo:
1093 1346 1165 1388 curn
1191 1344 1270 1386 vero
1297 1347 1340 1387 nc
1361 1328 1403 1388 de
1425 1324 1597 1387 venalibus
1620 1325 1752 1404 quidem
1771 1325 1925 1387 homines

124 1439 262 1519 electos,
283 1448 333 1499 set
353 1457 393 1497 ex
415 1435 587 1519 ergastulis
610 1447 739 1515 emptos
761 1432 951 1495 nominibus
971 1430 1177 1515 gladiatoriis
1199 1430 1325 1492 ornarit
1344 1443 1375 1492 et
1396 1430 1514 1492 sortito
1536 1432 1619 1494 alios
1640 1432 1816 1511 SamnitIs,
1842 1432 1927 1495 alios

121 1554 358 1625 provocatores
385 1542 517 1619 iecerit,
545 1552 633 1603 tanta
659 1539 808 1616 licentia,
834 1548 921 1601 tanta
944 1540 1058 1621 legum
1079 1538 1282 1620 contemptio
1305 1557 1390 1619 non,
1420 1558 1520 1617 quem
1543 1538 1697 1601 habitura
1718 1540 1759 1600 sit
1780 1539 1924 1620 exitum,
1947 1538 1986 1601 10

119 1649 350 1731 pertimescit?
388 1654 453 1711 135.
480 1650 534 1710 Set
563 1647 664 1709 habet
694 1644 905 1707 detensiones
939 1647 1043 1707 duas:
1079 1643 1247 1727 primum,
1277 1645 1373 1725 „Do,
1406 1642 1534 1727 inquit,
1565 1645 1761 1709 bestiarios:
1794 1647 1848 1707 lex
1880 1656 1929 1709 est

118 1754 242 1837 scripta
266 1757 308 1817 dc
327 1754 597 1839 glatliatoribus.“
638 1750 785 1817 Festive!
817 1750 963 1833 Accipite
987 1751 1114 1831 aliquid
1141 1751 1238 1813 etiam
1261 1751 1400 1813 acutius.
1442 1751 1537 1815 Dicet
1560 1774 1597 1817 se
1618 1773 1688 1815 non
1708 1753 1928 1837 gladiatores,

118 1870 170 1923 set
190 1881 296 1921 unum
316 1860 536 1943 gladiatorem
558 1861 637 1919 darc
656 1868 687 1918 et
710 1869 811 1919 totam
833 1857 1035 1921 aedilitatem
1062 1858 1096 1920 in
1124 1880 1246 1921 munus
1273 1862 1339 1921 hoc
1361 1860 1576 1921 transtulisse.
1618 1860 1793 1921 Praeclara
1813 1859 1929 1921 aedili-

118 1972 187 2028 tas!
220 1970 314 2027 Unns
336 1969 425 2045 Leo,
446 1964 580 2027 ducenti
600 1963 758 2025 bestiarii.
799 1967 925 2027 Verum
945 1977 1056 2027 utatur
1075 1968 1138 2027 hac
1160 1965 1373 2027 defensione:
1393 1964 1493 2048 cupio
1515 1986 1689 2028 eunrsuae
1710 1986 1829 2029 causae
1849 1986 1929 2029 con-

118 2072 231 2133 sidere.
273 2073 360 2130 Solet
385 2072 471 2129 enirn
500 2071 649 2129 tribunos
669 2071 716 2149 pt.
738 2071 909 2151 appellare
929 2081 962 2133 et
982 2073 1016 2133 vi
1036 2073 1194 2135 iudicium
1215 2072 1425 2153 disturbare,
1454 2094 1529 2133 eum
1558 2068 1686 2138 diffidit.
1730 2072 1835 2155 Quem
1856 2092 1926 2134 non
1948 2072 1986 2133 15

123 2189 187 2238 tam
207 2176 373 2248 admiror,
396 2177 487 2252 quod
510 2196 616 2234 meam
637 2176 745 2257 legent
768 2178 966 2257 contemnit,
987 2181 1131 2242 hominis
1155 2179 1296 2261 inimici,
1320 2201 1420 2261 quam
1444 2181 1537 2259 quod
1556 2180 1669 2241 statuit
1689 2179 1829 2241 omnino
1850 2198 1929 2241 eon·

122 2283 263 2343 sularem
284 2282 393 2363 legem
414 2280 540 2356 nullam
562 2287 689 2356 putare.
730 2280 905 2340 Caeciliam
929 2282 1078 2360 Didiam,
1100 2284 1407 2347 Liciniamtuniam
1429 2286 1638 2365 contempsit.
1680 2286 1830 2348 Etiamne
1844 2286 1931 2365 eius,

122 2409 221 2467 quem
241 2407 301 2448 sua
322 2388 397 2467 lege
417 2397 448 2445 ct
470 2402 532 2445 suo
552 2379 716 2443 beneficio
745 2394 899 2442 ornatum
928 2383 1094 2442 munitum
1121 2397 1284 2447 armatum
1306 2389 1391 2449 solet
1416 2387 1572 2471 gloriari,
1598 2390 1633 2449 C.
1658 2389 1805 2451 Caesaris
1825 2390 1930 2472 legem

122 2496 164 2557 de
184 2493 333 2576 pecuniis
356 2489 547 2572 repetundis
576 2509 647 2549 non
674 2498 769 2569 putat
797 2506 869 2548 esse
895 2487 1028 2569 legem?
1059 2491 1099 2549 Et
1118 2488 1211 2549 aiunt
1231 2490 1315 2551 alios
1342 2510 1429 2570 esse,
1457 2494 1517 2571 qui
1543 2504 1615 2554 acta
1636 2494 1784 2557 Caesaris
1807 2494 1930 2557 rescin-

119 2604 219 2680 dant,
239 2623 315 2663 cum
336 2603 417 2660 haec
439 2610 577 2678 optuma
596 2597 650 2657 lex
673 2606 705 2657 et
726 2596 767 2656 ab
791 2593 851 2654 illo
873 2612 991 2654 socero
1013 2594 1084 2656 eius
1108 2606 1139 2656 et
1159 2598 1201 2656 ab
1224 2597 1291 2659 hoc
1311 2598 1459 2658 assecula
1481 2598 1694 2680 negligatur?
1945 2602 1987 2667 20

201 2707 301 2771 LXV.
341 2708 380 2767 Et
407 2702 575 2765 cohortari
601 2721 703 2764 ausus
731 2711 778 2762 est
809 2710 980 2762 accusator
1007 2699 1042 2761 in
1071 2704 1134 2763 hac
1162 2722 1261 2764 causa
1289 2721 1369 2783 vos,
1394 2700 1537 2777 iudices,
1559 2714 1595 2763 ut
1615 2704 1796 2783 aliquando
1816 2708 1929 2770 essetis

121 2812 243 2887 severi,
272 2811 453 2891 aliquando
477 2808 674 2873 medicinam
695 2806 898 2869 adhiberetis
917 2806 966 2868 rei
985 2807 1151 2888 publicae.
1195 2810 1272 2869 Non
1291 2828 1330 2870 ea
1350 2818 1398 2869 est
1420 2808 1601 2890 medicina,
1629 2830 1703 2871 cunr
1725 2830 1825 2873 sanae
1843 2814 1931 2893 parti

120 2920 271 3001 corporis
298 2919 493 2997 scalpellum
522 2914 699 2976 adhibetur
725 2927 825 2993 atquc
851 2914 1019 2997 integrae,
1049 2913 1239 2976 carnificina
1267 2926 1316 2977 est
1343 2914 1405 2977 ista
1431 2925 1462 2977 ct
1483 2915 1679 2978 crudelitas:
1707 2916 1732 2976 ii
1755 2919 1931 2978 medentur

122 3024 363 3107 reipublicae,
391 3022 449 3102 qui
470 3030 621 3083 exsecant
641 3031 768 3101 pestem
789 3018 937 3099 aliquam
958 3028 1127 3099 tamquam
1148 3032 1310 3083 strumam
1332 3018 1483 3083 civitatis.
1527 3028 1592 3088 136.
1614 3024 1667 3083 Set
1689 3036 1724 3084 ut
1745 3035 1928 3085 extremum

120 3135 241 3195 babeat
270 3130 396 3211 aliquid
424 3128 529 3191 oratio
556 3150 630 3189 mea
661 3138 692 3190 ct
718 3138 756 3189 nt
782 3147 846 3212 ego
872 3138 948 3190 ante
977 3126 1110 3191 dicendi
1138 3126 1240 3189 finem
1273 3125 1387 3188 faciam
1416 3148 1517 3206 quam
1544 3149 1606 3190 vos
1635 3151 1688 3191 me
1718 3142 1783 3191 tam
1806 3141 1927 3193 attente
1946 3132 1988 3197 25

121 3236 296 3318 audiendi,
318 3238 516 3298 concludam
535 3234 621 3295 illud
642 3236 683 3295 de
705 3234 933 3315 optumatibus
953 3253 1139 3313 eorumque
1159 3233 1365 3315 principibus
1386 3254 1423 3296 ac
1444 3233 1492 3295 rei
1511 3233 1664 3315 publicae
1679 3236 1929 3298 defensoribus:

121 3365 267 3424 vosque,
288 3345 532 3414 adolescentes,
554 3350 585 3402 et
607 3339 665 3418 qni
685 3339 816 3402 nobiles
836 3338 930 3415 estis,
950 3342 994 3403 ad
1014 3341 1178 3402 maiorum
1199 3352 1386 3402 vestrorum
1403 3339 1621 3403 imitationem
1644 3342 1809 3421 excitabo,
1829 3343 1931 3421 etqui

121 3450 258 3536 ingenio
280 3460 313 3511 et
333 3448 453 3509 uirtute
476 3447 682 3509 nobilitatem
703 3446 842 3529 potestis
863 3447 1041 3528 consequi,
1062 3450 1105 3509 ad
1126 3469 1199 3509 eam
1222 3446 1402 3527 rationem,
1421 3446 1457 3508 in
1479 3468 1544 3526 qua
1564 3448 1658 3509 multi
1675 3449 1829 3510 homines
1850 3448 1932 3509 novi

124 3562 307 3623 ethonore
328 3567 359 3618 et
380 3554 488 3640 gloria
509 3558 712 3633 lloruerunt,
731 3554 947 3616 cohortabor.
990 3562 1058 3638 ¹37·
1080 3557 1171 3617 Haec
1191 3565 1240 3618 est
1262 3576 1327 3617 nna
1347 3554 1420 3633 via,
1447 3552 1530 3614 milri
1551 3553 1690 3633 credite,
1719 3566 1750 3616 et
1768 3554 1876 3617 laudis
1898 3568 1930 3617 et

126 3662 292 3748 dignitatis
314 3673 346 3725 ct
366 3662 525 3724 lionoris:
556 3682 577 3723 a
603 3659 702 3721 bonis
730 3659 809 3722 viris
836 3660 1043 3742 sapientibus
1072 3672 1104 3725 ct
1131 3664 1218 3724 bene
1244 3664 1363 3724 naturis
1388 3659 1574 3724 constitutis
1600 3660 1730 3723 laudari
1757 3672 1789 3723 et
1813 3662 1925 3747 nitigi,
1946 3668 1987 3732 30

127 3791 226 3832 nosse
247 3772 503 3851 descriptionem
532 3766 672 3830 civitatis
693 3786 713 3828 a
740 3766 922 3830 maioribus
944 3767 1066 3831 nostris
1087 3768 1340 3851 sapientissume
1359 3768 1592 3844 constitutam
1622 3768 1680 3847 qui
1708 3789 1783 3830 cum
1804 3768 1931 3853 regiam

122 3886 321 3959 potestatem
339 3896 408 3937 non
434 3876 601 3955 tulissent,
631 3872 677 3935 ita
698 3872 908 3957 magistratus
932 3895 1062 3938 annuos
1083 3887 1298 3956 creaverunt,
1317 3884 1353 3935 ut
1373 3872 1550 3936 eonsilium
1564 3887 1697 3936 senatus
1711 3874 1760 3936 rei
1774 3874 1929 3957 publicae

193 4128 277 4181 ERN.
313 4128 339 4180 2.
357 4132 441 4179 emitti
456 4128 590 4197 probante
606 4126 757 4199 Madvigio.
775 4124 854 4192 (eniti
867 4148 891 4182 e.
927 4128 1045 4182 Verbum
1064 4128 1147 4181 activi
1164 4130 1346 4200 significatus,
1364 4137 1474 4178 utsnnt
1490 4127 1574 4185 elabi,
1590 4128 1768 4197 perfringere,
1786 4130 1930 4181 manifeste
2005 4146 2008 4151 ⁴

123 4214 169 4267 liic
187 4233 296 4287 quoqne
320 4216 478 4288 requiritur.
514 4214 671 4286 Respondet
692 4227 785 4268 nostro
809 4215 866 4267 siclt
890 4215 1102 4269 licrumwindcn:
1128 4234 1179 4268 nec
1204 4216 1284 4281 facile
1310 4227 1357 4267 aut
1379 4219 1464 4267 emitti
1483 4215 1576 4265 notius
1600 4215 1764 4268 vocabulum
1791 4218 1818 4268 in
1846 4217 1931 4269 rarius

124 4320 186 4353 casu
209 4304 345 4372 corrumpi
371 4315 418 4353 «ιιι
443 4302 477 4353 ab
503 4301 698 4371 interpolatore
723 4302 822 4355 mutari
846 4301 977 4374 poterat.)
1011 4302 1037 4357 3.
1056 4304 1150 4355 Uncos
1173 4321 1227 4355 om.
1253 4300 1373 4369 (tddtdt
1399 4301 1433 4354 de
1458 4299 1592 4373 Madvigii
1617 4302 1797 4371 coniectura.)
1839 4304 1862 4358 o.
1884 4302 1931 4355 hos

125 4386 293 4455 (conscripsi
313 4386 385 4456 ego.)
410 4387 448 4439 10.
468 4392 635 4458 contemptio,
654 4406 730 4460 quem
755 4388 879 4441 habitura
902 4392 937 4440 sit
959 4394 1073 4452 exitum,
1098 4408 1150 4441 non
1170 4391 1351 4460 pertimescit?
1383 4390 1424 4443 12.
1449 4392 1512 4440 dicit
1551 4388 1593 4441 16.
1610 4402 1756 4442 contemnet
1778 4394 1932 4455 (contemnit

124 4472 281 4543 Madvigius
307 4491 338 4523 ex
360 4472 491 4526 Codicum
521 4476 639 4526 lectione
662 4474 844 4547 contempnet.)
878 4474 951 4533 thid,
968 4478 1042 4547 quod
1064 4498 1091 4528 se
1113 4482 1207 4529 statuit
1229 4476 1315 4549 (qued
1329 4483 1423 4529 statuit
1444 4476 1592 4530 Lambinus
1611 4480 1744 4548 probante
1762 4476 1930 4548 llladvigio.)

126 4559 166 4610 tt.
184 4558 304 4609 Aciliam
330 4559 371 4609 20.
389 4564 486 4611 assecta
521 4563 563 4614 22.
581 4574 619 4612 est
635 4578 666 4612 ea
700 4558 741 4616 2³.
762 4560 792 4611 tu·
824 4560 867 4614 27.
884 4575 1000 4615 vervum
1016 4562 1119 4628 (errore
1137 4577 1245 4637 typogr.
1264 4564 1331 4617 edit.
1350 4562 1553 4632 Grutetianee.)
1588 4565 1739 4637 turegum

199 4716 325 4770 LEC‘t'r.
361 4717 442 4772 abed.
478 4720 502 4770 2.
521 4726 604 4772 emitti
626 4722 673 4776 bil.
709 4720 735 4773 3.
753 4724 802 4772 iste
823 4725 905 4772 nimiu
931 4740 946 4773 c
969 4723 1038 4775 sola.
1074 4723 1099 4774 6.
1118 4743 1229 4795 quorum
1254 4737 1279 4774 et
1304 4728 1357 4793 ipse
1382 4720 1400 4773 d
1425 4723 1491 4775 sole.
1536 4724 1562 4776 9.
1581 4726 1649 4775 elios
1672 4724 1797 4775 satellites
1822 4741 1837 4775 c
1862 4723 1929 4776 sola.

127 4804 170 4857 10.
188 4808 342 4875 contemptio
367 4825 398 4856 ne
421 4825 473 4855 non
499 4804 623 4857 habitura
645 4814 679 4860 sit
702 4814 802 4862 exitum
819 4827 870 4858 nen
885 4812 1043 4878 pertimescit
1061 4808 1106 4861 bd.
1124 4814 1327 4880 contemptione,
1345 4830 1397 4862 non
1416 4810 1539 4863 habiture
1558 4831 1581 4863 c.
1620 4818 1658 4863 tt.
1677 4813 1808 4863 bestiariis
1826 4831 1841 4863 c
1858 4813 1927 4867 sola.

58 4908 61 4916 ·
125 4892 167 4946 tt.
185 4893 249 4942 dicit
266 4909 281 4940 e
298 4891 364 4943 sola.
401 4891 442 4943 tt.
460 4891 597 4943 Ancilinm
616 4893 658 4946 bc.
683 4895 802 4947 Acilium
820 4892 847 4946 tl.
883 4896 927 4947 18.
944 4900 1072 4946 minutum
1090 4914 1113 4948 c.
1149 4897 1192 4947 20.
1210 4898 1308 4946 assecta
1327 4895 1387 4945 bed.
1426 4897 1523 4950 2¹2.cst
1547 4916 1577 4950 en
1603 4896 1629 4948 d.
1657 4898 1722 4948 sola.
1760 4898 1803 4950 23.
1822 4898 1852 4950 tu·
1868 4900 1928 4957 abc.

128 4994 184 5027 non
202 4976 231 5030 d.
266 4974 310 5029 25.
328 4995 368 5028 me
385 4990 482 5029 attente
500 4997 540 5029 ac.
559 4997 614 5029 non
633 4978 680 5033 bd.
716 4981 757 5034 ³0.
776 4993 801 5033 ct
826 4980 931 5033 honoris
955 4994 980 5033 ct
1007 4983 1145 5053 dignitatis
1163 4984 1222 5034 abc..
1242 5000 1296 5034 non
1316 4981 1343 5035 d.
1380 4981 1497 5036 ibides
1519 4985 1692 5053 repentibus,
1720 4985 1781 5036 bene
1797 5004 1814 5037 a
1831 5000 1930 5039 natura

124 5062 184 5114 ebe.
203 5082 260 5116 uon
280 5062 306 5114 d.
342 5064 383 5118 31.
402 5084 492 5135 regum
509 5063 526 5116 d
546 5065 613 5117 sola.

194 5218 322 5278 LEcTr.
338 5223 434 5278 steht.
469 5222 495 5278 7.
514 5224 546 5277 lu
572 5224 685 5277 candem
712 5237 794 5297 atque
821 5242 870 5296 ego
897 5224 1080 5277 coniecturam
1103 5242 1221 5298 peccaret
1241 5248 1292 5301 pro
1316 5234 1414 5282 recenti
1436 5228 1538 5282 incidit
1561 5230 1709 5284 Muellerus
1734 5231 1762 5282 in
1783 5230 1861 5283 Curis
1878 5246 1931 5281 see.

125 5306 208 5361 Nune
225 5321 316 5362 umen
332 5312 414 5366 video
431 5326 457 5367 et
473 5312 635 5369 renaudum
653 5328 725 5382 esse,
753 5324 793 5365 est
808 5314 929 5381 scilicet,
953 5313 999 5376 „si
1017 5313 1054 5367 ob
1074 5330 1130 5365 eam
1149 5318 1377 5386 exspectationem
1402 5330 1527 5389 peccaret
1544 5329 1572 5370 et
1591 5343 1621 5356 -·
1642 5344 1672 5355 -
1692 5318 1820 5389 populari
1838 5314 1930 5369 studi·

127 5396 213 5451 elatus
231 5400 388 5469 peccaret.“
