4740 6068
475 438 530 509 tv

477 626 644 702 distinxit
666 642 780 724 atque
805 622 1019 725 descripsit,
1048 639 1085 696 et
1111 622 1247 723 partim
1272 650 1318 697 ex
1346 623 1488 725 optimo
1515 622 1654 698 Codice
1680 624 1794 724 Regio
1819 626 1896 699 Sec,
1925 625 2011 712 IX.,
2042 626 2276 726 partimus,

478 786 554 859 quo
579 758 716 858 pollet,
747 756 895 857 ingenio
921 781 1010 828 usus
1033 756 1135 828 locos
1163 772 1361 856 corruptos
1381 755 1484 829 haud
1510 784 1650 858 paucos
1673 756 1919 857 probabiliter
1944 759 2127 843 correxit,
2160 760 2275 842 alios,

478 893 542 991 qui
570 891 702 963 tentati
729 907 836 961 erant
864 917 884 960 a
913 887 1070 971 criticis,
1098 903 1202 960 recte
1229 884 1422 975 defendit,
1458 890 1548 962 alios
1572 889 1737 992 denique
1761 890 1893 965 melius
1921 918 2035 990 quam
2061 893 2277 992 superiores

478 1026 700 1127 interpretes
726 1021 933 1123 explicavit.

573 1217 671 1289 Huic
705 1214 881 1315 Madrigii
919 1238 1032 1287 curae
1067 1238 1169 1285 nune
1210 1208 1357 1284 accedit
1390 1209 1494 1285 aliud
1525 1210 1756 1314 insperatum
1789 1211 2016 1301 subsidium,
2049 1213 2276 1285 Ascensiana

477 1350 605 1433 tertia,
636 1350 741 1421 cuius
764 1348 862 1420 inter
886 1344 1164 1446 bibliographos
1190 1344 1332 1444 primns
1357 1344 1587 1419 mentionem
1613 1346 1701 1418 lecit
1727 1346 1914 1421 Amadeus
1943 1349 2093 1448 Peyron
2119 1347 2158 1418 in
2186 1346 2275 1418 Not.

474 1482 572 1554 Libr.
598 1482 708 1583 Valp.
734 1482 809 1553 Cal.
835 1476 980 1580 Lipsiae
1008 1481 1098 1549 1820
1115 1504 1151 1577 p.
1169 1476 1229 1550 65.
1279 1450 1338 1547 llb
1363 1476 1436 1551 hoc
1463 1494 1589 1551 autem
1615 1478 1695 1551 viro
1717 1478 1927 1553 doctissimo
1954 1477 2135 1551 Bardilius
2156 1481 2202 1550 V.
2230 1481 2271 1549 C.

476 1640 545 1716 per
565 1616 706 1687 litteras
729 1613 867 1687 certior
882 1610 1001 1684 laetus
1020 1626 1122 1695 erat,
1147 1609 1328 1709 integram
1350 1608 1389 1681 in
1406 1636 1450 1683 ea
1466 1609 1539 1682 iam
1556 1610 1741 1683 contineri
1765 1611 1988 1695 sessionum,
2009 1608 2112 1710 quod
2132 1609 2278 1707 insigne

477 1746 652 1818 meritum
678 1746 766 1818 olim
790 1744 996 1846 putabatur
1021 1742 1275 1841 llerragianae
1303 1759 1341 1815 ct
1368 1743 1634 1843 Naugerianae.
1688 1743 1933 1844 Quapropter
1960 1769 2046 1815 cum
2071 1743 2274 1817 vehemen-

477 1895 534 1951 ter
563 1895 828 1978 optarem‚·ut
856 1876 954 1949 illius
982 1872 1184 1975 aliquando
1206 1872 1298 1946 milri
1325 1873 1432 1975 copia
1452 1873 1580 1959 lieret,
1611 1875 1766 1975 contigit
1791 1875 1962 1959 taudem,
1992 1892 2035 1949 ut
2054 1876 2139 1949 libri
2163 1877 2273 1972 longe

475 2009 650 2083 rarissimi
677 2008 915 2083 nanciscerer
944 2008 1176 2109 exemplum,
1207 2006 1383 2105 quintum
1410 2006 1758 2093 attrucnorum.=1=)

573 2200 693 2275 Index
714 2200 775 2273 hic
806 2216 882 2271 est:
919 2250 940 2279 ‚‚
951 2202 1003 2266 M.
1027 2197 1141 2263 Tullii
1162 2192 1352 2263 Ciceronis
1378 2190 1566 2265 orationes
1590 2190 1802 2292 diligentius
1823 2195 2037 2295 recognitae
2064 2212 2101 2267 et
2127 2196 2273 2296 aptiore

476 2330 571 2402 serie
599 2327 784 2428 repositae
813 2340 852 2399 ct
879 2325 964 2423 plus
992 2350 1106 2423 quam
1137 2324 1318 2396 sexcentis
1352 2326 1442 2398 loeis
1471 2325 1690 2400 emendatae
1720 2354 1766 2399 ex
1794 2328 1949 2401 vetustis
1975 2329 2271 2430 exemplaribus,

477 2460 633 2535 totidem
652 2458 820 2532 versibus
840 2455 905 2559 qui
927 2454 1201 2529 interciderunt
1222 2484 1442 2557 magnorum
1463 2459 1629 2530 virorum
1651 2460 1789 2533 iudicio
1811 2475 1953 2533 auctae.
2004 2458 2143 2532 Addita
2164 2486 2274 2561 prae·

476 2608 579 2665 terea
610 2607 664 2665 est
690 2590 879 2663 Iuvectiva
907 2590 946 2662 C.
975 2587 1096 2687 Crispi
1117 2585 1275 2658 Sallustii
1293 2588 1333 2658 in
1359 2587 1580 2659 Ciceronem
1605 2606 1643 2660 et
1678 2592 1868 2665 Ciceronis
1897 2592 1936 2664 in
1968 2592 2130 2666 eundem
2156 2593 2272 2664 reeri-

475 2722 639 2795 minatio.
690 2720 903 2820 Praeposito
927 2734 1052 2790 autem
1079 2732 1134 2789 est
1163 2716 1296 2789 tabella
1325 2717 1488 2818 ipsarum
1513 2718 1738 2790 Oratiouum
1764 2750 1850 2792 cum
1878 2724 2009 2795 Indice
2033 2726 2072 2793 in
2101 2726 2152 2795 cis
2185 2726 2273 2797 insi*

474 2857 611 2957 guium.
650 2850 932 2926 Venundantur
957 2850 1009 2920 lo.
1032 2850 1172 2934 Paruo,
1196 2865 1234 2920 et
1251 2846 1330 2921 Iod.
1351 2846 1483 2933 Badio,
1503 2847 1709 2921 eorundem
1726 2850 1947 2950 impressori.
1998 2850 2073 2923 Sub
2093 2852 2209 2951 gratia
2234 2872 2272 2926 ct

474 2986 667 3087 privilegio
684 2983 723 3055 in
743 2980 836 3055 facie
855 2981 977 3083 operis
996 2979 1258 3082 explicandis.“
1307 2982 1353 3052 lu
1374 2980 1467 3052 fine:
1494 2981 1695 3067 „Lutetiae
1715 2980 1941 3053 Parisiorum
1962 2980 2065 3084 apud
2085 2980 2269 3058 Iodoeum

474 3114 632 3191 Badium
665 3120 797 3229 Ascen.
830 3113 878 3187 ad
919 3112 1035 3186 Eidus
1075 3113 1208 3187 Octob.
1245 3116 1355 3185 Anno
1389 3112 1637 3186 MDXXXI.“
1666 3115 1743 3188 Fol.
1770 3113 1859 3188 folia
1893 3142 1946 3188 12.
1973 3114 2129 3191 Praelat.
2182 3116 2265 3191 lud.

477 3267 515 3323 et
544 3249 569 3323 f.
598 3252 679 3347 298.

571 3437 825 3511 Praemittitur
854 3435 985 3511 eadem
1016 3436 1096 3523 illa,
1128 3463 1223 3538 quae
1254 3437 1501 3513 Ascensianae
1528 3438 1714 3513 secundae
1745 3440 1835 3513 anni
1870 3440 1985 3527 1522,
2019 3443 2185 3543 Epistola
2217 3444 2267 3515 ad

475 3574 691 3646 Draconem
707 3568 917 3657 Buduenm,
944 3569 1010 3645 sed
1029 3588 1115 3671 post
1140 3599 1196 3645 vv.
1220 3586 1289 3657 „et
1315 3567 1515 3643 doctissimi
1526 3573 1547 3603 “
1570 3568 1664 3642 haec
1686 3571 1923 3646 inseruntur:
1952 3573 2106 3661 „Multo
2140 3592 2265 3649 tamen

474 3703 584 3807 plura
606 3719 644 3777 et
662 3700 788 3774 addita
813 3718 852 3776 et
870 3701 1072 3803 integritati
1092 3703 1234 3804 priscae
1258 3701 1430 3774 restituta
1448 3716 1536 3773 sunt
1554 3700 1594 3773 iu
1611 3699 1683 3774 hae
1698 3700 1829 3774 ultima
1849 3703 2090 3807 impressione
2114 3725 2263 3794 nostra,

476 3837 617 3910 collatis
641 3862 728 3910 eum
755 3860 864 3934 saepe
896 3832 1076 3907 nominati
1106 3850 1144 3907 et
1175 3860 1323 3936 semper
1350 3860 1437 3907 eum
1470 3859 1613 3907 summo
1639 3833 1784 3908 honore
1814 3837 2034 3911 nominandi
2063 3840 2179 3942 patris
2206 3841 2260 3912 tui

474 3967 594 4053 libris,
625 3965 876 4040 vetustissimis
907 3965 1178 4069 exemplaribus
1203 3965 1354 4067 insignis
1380 3967 1421 4041 in
1448 3982 1528 4039 tota
1557 3966 1679 4039 Gallia
1702 3965 1952 4042 bibliothecae
1987 3968 2064 4042 divi
2099 3971 2265 4045 Victoris

476 4099 515 4171 in
540 4096 721 4171 suburbio
746 4096 940 4169 Parisicnsi
963 4124 1033 4198 per
1061 4096 1286 4173 doctissimos
1317 4100 1358 4172 in
1390 4098 1591 4173 Academia
1620 4099 1689 4171 ista
1719 4097 1888 4173 Graecae
1922 4098 2070 4199 linguae
2107 4127 2262 4202 pracce-

474 4228 646 4329 ptoribus
672 4227 851 4301 iacobum
882 4228 1074 4302 Tusanum
1099 4244 1137 4303 et
1159 4229 1310 4305 Petrum
1336 4231 1588 4317 Danaesium,
1620 4229 1686 4332 qui
1708 4228 1808 4303 mille
1832 4230 1934 4304 locos
1967 4230 2175 4307 felicissime
2206 4261 2265 4306 re-

473 4373 703 4459 posuerunt,
733 4374 771 4431 et
796 4360 881 4461 plus
903 4386 1016 4461 quam
1042 4378 1233 4437 sexcentos
1257 4388 1385 4437 versus
1405 4364 1446 4436 in
1468 4362 1547 4435 aliis
1568 4347 1799 4437 desideratos
1827 4361 2065 4438 addiderunt.
2082 4405 2133 4421 —
2147 4404 2198 4423 ·-
2212 4408 2263 4422 —

475 4486 594 4573 Vale,
619 4485 940 4590 echaleographia
970 4508 1116 4581 nostra,
1147 4493 1300 4568 ineunte
1333 4493 1508 4569 Ianuario
1537 4495 1610 4567 An.
1639 4496 1690 4567 M.
1722 4497 1771 4570 D.
1801 4494 1925 4569 XXII.
1953 4512 1992 4569 et
2024 4522 2153 4572 rursus
2184 4498 2260 4572 Cal.

475 4618 654 4693 Novemb.
680 4618 732 4691 M.
760 4618 810 4689 D.
837 4619 1003 4695 X.XXI.“

570 4810 651 4882 Iam
677 4838 722 4884 ex
743 4810 815 4885 hac
841 4813 995 4915 epistola
1023 4814 1144 4916 colligi
1166 4830 1314 4919 poterat
1342 4842 1364 4890 e
1388 4816 1527 4891 Codice
1554 4816 1586 4889 S.
1612 4818 1795 4907 Victoris,
1824 4819 1931 4893 euius
1957 4832 2134 4920 excerpta
2155 4815 2260 4889 dedit

476 4936 683 5027 Gruterus,
708 4941 856 5019 fluxisse
883 4946 1032 5019 tertium
1056 4945 1326 5022 Asceusianam.
1376 4950 1521 5021 Verum
1554 4974 1600 5021 ex
1628 4949 1752 5023 tabula
1781 4950 1968 5037 subiecta,
1993 4950 2033 5021 iu
2059 4976 2133 5047 qua
2158 4948 2261 5021 cxlii-

541 5268 573 5339 ἢ
605 5270 670 5323 Duo
692 5269 799 5324 scillcet
822 5286 956 5343 praeterea
974 5272 1103 5329 dicuutur
1118 5274 1246 5333 memet
1263 5274 1294 5329 in
1310 5272 1483 5351 bibliotheca
1500 5276 1583 5349 uagis
1598 5275 1758 5339 Parisicnsi,
1785 5275 1892 5331 tertium
1909 5288 1950 5331 est
1967 5274 2105 5348 Augustae
2123 5275 2259 5329 'l'ssrins-

611 5382 685 5429 rum,
701 5376 826 5439 quartum
845 5364 981 5441 Lugduni.
