4740 6068
310 370 365 447 20.

309 550 412 617 initur
434 549 609 612 consilium
629 551 672 611 de
692 545 825 612 interitu
846 550 905 617 Cn.
926 544 1085 629 Pompei:
1106 563 1175 626 quo
1195 545 1360 627 patefacto
1380 544 1536 628 ferroque
1556 549 1764 631 deprehenso
1779 549 1836 613 ille
1854 549 1998 614 inclusus
2015 551 2115 616 domi

311 655 439 723 umdiu
461 654 540 735 suit,
562 653 722 733 quamdiu
742 649 895 713 iuimicus
918 671 1013 715 meus
1032 650 1068 711 in
1090 652 1269 715 tribunatu.
1310 654 1361 716 De
1381 673 1456 716 meo
1477 654 1583 716 reditu
1606 664 1683 715 octo
1705 653 1830 716 tribuni
1846 660 2112 739 promulgarunt.

313 764 361 822 Ex
383 778 452 839 quo
471 758 676 821 intellectum
703 765 752 821 est
778 774 847 816 non
873 755 957 818 mihi
982 755 1112 820 absenti
1132 757 1273 821 crevisse
1293 756 1438 838 amicos,
1464 757 1500 819 in
1529 779 1568 820 ea
1587 758 1781 839 praesertim
1810 759 1961 839 fortuna,
1986 762 2112 838 inqua

264 888 269 895 ·
312 863 605 944 connumerata,
625 881 711 943 quos
732 880 803 923 esse
822 870 1032 944 putaveram,
1056 881 1127 924 non
1146 870 1259 942 erant3
1288 873 1338 924 set
1363 881 1422 924 cos
1441 864 1648 925 voluntatem
1668 882 1800 943 semper
1821 867 1979 938 eandem,
2007 865 2112 928 liber-

271 969 412 1033 5tatem
438 987 508 1031 non
541 969 682 1030 eandem
708 985 840 1046 semper
866 966 1035 1028 hahuisse.
1078 968 1163 1029 Nam
1189 984 1230 1029 ex
1256 983 1378 1027 novem
1407 965 1564 1048 tribunis,
1595 986 1679 1046 quos
1701 975 1778 1029 tunc
1798 970 1999 1042 habueram,
2020 990 2112 1031 unus

309 1093 364 1140 sne
383 1074 519 1137 absente
539 1072 694 1151 defluxit,
717 1069 776 1150 qui
796 1089 981 1154 cognomen
1002 1070 1066 1133 sihi
1087 1091 1128 1133 ex
1148 1069 1323 1134 Aeliorum
1343 1070 1546 1155 imaginibus
1566 1071 1721 1153 arripuit,
1748 1091 1817 1150 quo
1838 1072 1944 1155 magis
1964 1073 2110 1152 nationis

309 1154 381 1241 eius
402 1198 473 1241 esse
494 1197 595 1257 quam
614 1175 745 1261 generis
774 1175 956 1237 videretur.
1000 1196 1049 1253 70.
1069 1177 1146 1238 Hoc
1169 1173 1271 1259 igitur
1296 1195 1385 1236 anno
1413 1175 1658 1259 magistratibus
1686 1175 1782 1237 novis
1803 1177 2002 1260 designatis,
2032 1200 2109 1239 cum

310 1272 423 1346 ornnes
442 1282 524 1346 boni
543 1301 679 1344 omnem
700 1300 793 1361 spem
815 1277 964 1342 melioris
984 1289 1085 1342 status
1105 1278 1140 1340 in
1163 1270 1280 1342 eostam
1299 1278 1401 1342 fidem
1427 1279 1684 1359 convertissent,
1711 1279 1866 1361 princeps
1888 1283 1925 1341 P.
1945 1282 2111 1362 Lentulus

307 1386 502 1452 auctoritate
526 1406 565 1449 ac
590 1385 752 1448 sententia
778 1403 840 1446 sua
858 1382 980 1447 Pisone
1004 1394 1037 1447 et
1056 1383 1200 1447 Gabinio
1226 1383 1488 1467 repugnantibus
1509 1404 1641 1447 causam
1662 1384 1809 1466 suscepit
1830 1383 2037 1464 tribunisque
2057 1385 2110 1464 pl.

251 1496 292 1561 10
311 1503 388 1555 octo
407 1490 626 1554 referentibus
646 1487 973 1571 praestantissumam
994 1490 1036 1551 de
1055 1510 1110 1551 me
1129 1488 1325 1553 sententiam
1345 1485 1439 1550 dixit.
1480 1489 1640 1573 Quicum
1659 1492 1703 1552 ad
1726 1488 1873 1574 gloriam
1893 1509 1986 1551 suam
2007 1500 2111 1567 atque

310 1598 355 1657 ad
374 1594 583 1675 amplissumi
609 1591 752 1658 benefici
771 1592 911 1678 gratiam
934 1591 1039 1676 magis
1065 1592 1231 1674 pertinere
1257 1591 1386 1657 videret
1404 1614 1531 1674 causam
1550 1594 1643 1656 illam
1663 1593 1827 1679 integram
1848 1596 1891 1656 ad
1911 1614 2009 1656 suum
2029 1613 2112 1657 con·

309 1702 455 1765 sulatum
474 1699 653 1780 reservari,
673 1708 785 1762 tamen
804 1719 876 1761 rem
896 1698 994 1762 talem
1013 1719 1074 1781 per
1092 1697 1177 1762 alios
1197 1697 1293 1762 citius
1313 1719 1412 1779 quam
1434 1719 1496 1780 per
1514 1718 1550 1761 se
1570 1697 1695 1761 tardius
1715 1698 1837 1761 confici
1856 1701 2013 1761 malebat.

391 1804 548 1868 xxxin.
590 1831 640 1888 7¹·
660 1810 736 1869 Hoc
756 1804 890 1868 interim
909 1816 1057 1887 tempore
1077 1808 1115 1868 P.
1133 1803 1275 1887 Sestius,
1291 1802 1435 1884 iudices,
1456 1803 1647 1888 designatus
1666 1804 1730 1866 iter
1749 1805 1793 1864 ad
1806 1805 1842 1869 C.
1856 1805 2028 1865 Caesarem
2044 1821 2111 1884 pao

310 1929 385 1972 mea
404 1912 510 1973 salute
530 1909 685 1993 suscepit.
724 1911 814 1994 Quid
833 1910 954 1995 egerit,
974 1917 1137 1989 quantum
1156 1908 1354 1991 profecerit,
1382 1908 1468 1970 nihil
1493 1911 1540 1971 ad
1566 1929 1710 1974 causam.
1750 1908 1913 1988 Equidem
1940 1905 2112 1985 existimo,

252 2018 293 2085 15
310 2014 341 2079 si
359 2014 417 2077 ille
437 2018 490 2096 (ut
509 2014 669 2099 arbitror)
694 2036 793 2081 aecus
820 2016 919 2080 nobis
948 2014 1068 2098 fuerit,
1099 2012 1184 2076 nihil
1209 2016 1252 2076 ab
1279 2015 1345 2074 hoc
1372 2013 1577 2092 proiectum
1602 2013 1655 2068 sin
1680 2012 1815 2085 iratior,
1846 2029 1916 2070 nou
1944 2012 2110 2071 multum:

309 2130 361 2185 set
381 2129 493 2184 tamen
512 2123 721 2187 sedulitatem
743 2132 844 2203 atque
864 2120 1084 2205 integritatem
1105 2114 1251 2176 hominis
1272 2108 1410 2186 videtis3
1439 2106 1611 2190 ingredior
1636 2106 1703 2169 iam
1726 2106 1762 2169 in
1780 2108 1863 2171 Sesti
1883 2109 2112 2176 tribunatum:
2157 2133 2161 2141 ·

186 2204 191 2211 ¹
307 2259 348 2272 -
368 2246 446 2287 nam
467 2229 533 2288 1100
552 2229 699 2307 primum
721 2226 782 2278 iser
803 2226 996 2295 caisnetus
1010 2205 1234 2291 reipublicae
1255 2229 1354 2272 causa
1375 2210 1575 2291 suscepit-
1593 2210 1759 2293 pertinere
1779 2221 1813 2274 et
1831 2215 1876 2277 ad
1893 2217 2110 2281 concordiam

308 2324 432 2386 civium
458 2322 588 2402 putavit
615 2319 715 2381 etad
741 2314 937 2399 perficiendi
961 2313 1153 2377 facultatem
1180 2312 1329 2376 animum
1355 2313 1502 2378 Caesaris
1523 2335 1543 2377 a
1562 2335 1662 2378 causa
1687 2335 1758 2378 non
1784 2318 1977 2382 abhorrere.
2018 2320 2109 2384 Abiit

308 2426 366 2491 ille
383 2443 511 2489 annus:
530 2422 712 2506 respirasse
730 2421 885 2487 homines
905 2418 1105 2483 videbantur
1122 2420 1274 2481 nondum
1292 2438 1346 2498 rc,
1364 2427 1415 2482 set
1431 2438 1539 2501 spere
1552 2421 1687 2503 publica
1699 2434 1904 2505 recuperata.
1947 2425 2109 2488 Exierunt

124 2546 130 2561 ⁵
250 2529 291 2594 20
310 2531 407 2597 malis
435 2527 604 2593 ominibus
632 2538 732 2608 atque
756 2524 1038 2591 exsecrationibus
1066 2525 1135 2585 duo
1160 2521 1297 2583 volturii
1324 2522 1493 2602 paludatis
1523 2524 1644 2603 quibus
1671 2528 1797 2591 utinam
1820 2529 1900 2611 ipsis
1921 2530 2109 2593 evenissent

191 2616 203 2635 ἦ
308 2657 367 2720 ea,
395 2655 481 2716 quae
500 2643 572 2697 tuna
591 2632 746 2698 homiues
770 2633 1009 2715 precabantur!
1037 2644 1146 2705 neque
1171 2644 1234 2687 nos
1253 2624 1461 2706 provinciam
1480 2630 1712 2695 Macedoniam
1733 2652 1810 2696 curn
1831 2634 1975 2697 exercitu
1997 2656 2108 2716 neque

194 2730 199 2747 ⁵
307 2743 492 2824 equitatum
511 2739 652 2822 insyria
674 2747 706 2801 et
725 2735 872 2801 cohortis
893 2740 1046 2814 optumas
1066 2727 1338 2811 perdidissemus.
1379 2749 1430 2810 7²·
1449 2729 1570 2794 Ineunt
1586 2735 1813 2816 magistratum
1827 2736 1952 2797 tribuni
1965 2740 2026 2818 pl.‚
2047 2739 2108 2818 qui

308 2867 426 2913 omnes
452 2866 489 2911 se
513 2848 556 2909 de
582 2864 637 2906 me
661 2840 932 2922 promulgaturos
958 2833 1204 2898 confirmarant
1243 2836 1294 2897 Ex
1313 2827 1371 2897 his
1396 2833 1550 2918 princeps
1577 2838 1698 2900 emitur
1722 2840 1765 2900 ab
1791 2837 1934 2902 inimicis
1954 2841 2037 2904 meis
2057 2843 2108 2915 is,

305 2973 408 3035 quem
427 2949 581 3011 homines
601 2945 637 3006 in
657 2945 748 3007 luctu
767 2941 945 3005 irridentes
966 2941 1152 3001 Gracchum
1171 2941 1354 3018 vocabant3
1383 2941 1543 3020 quoniam
1560 2941 1598 3005 id
1619 2944 1718 3006 etiam
1737 2943 1843 3006 fatum
1864 2943 2002 3008 civitatis
2023 2946 2106 3028 fuit,

247 3056 289 3120 25
308 3066 347 3118 ut
363 3054 422 3117 illa
443 3073 484 3115 ex
503 3047 691 3132 vepreculis
712 3057 854 3112 extracta
875 3044 1025 3107 nitedula
1043 3063 1115 3105 rem
1134 3043 1304 3126 publicam
1327 3056 1504 3107 conaretur
1521 3050 1700 3110 arrodere·
1729 3050 1821 3109 Alter
1842 3070 1940 3131 vero,
1959 3071 2027 3114 non
2046 3053 2106 3115 ille

304 3162 463 3225 Serranus
488 3159 532 3220 ab
556 3166 684 3236 aratro,
714 3164 764 3232 set
791 3172 834 3225 ax
864 3152 995 3212 deserto
1016 3150 1039 3229 †
1060 3144 1145 3210 Gavi
1169 3146 1257 3210 Oleli
1283 3151 1406 3213 horreo
1435 3151 1548 3213 calatis
1568 3151 1681 3215 Gaviis
1709 3151 1746 3214 in
1777 3156 1943 3218 Calatinos
1972 3157 2103 3220 Attilios

303 3264 441 3345 insitus,
460 3263 590 3341 subito,
611 3259 803 3323 nominibus
823 3256 859 3317 in
880 3255 1009 3317 tabulas
1029 3249 1159 3334 relatis,
1175 3271 1303 3315 nomen
1322 3272 1421 3316 suum
1442 3253 1484 3317 de
1504 3256 1617 3317 tabula
1636 3258 1779 3325 sustulit.
1823 3260 1969 3323 Veniunt
1983 3263 2107 3324 Kalen-

306 3371 368 3434 dae
388 3369 581 3433 lanuariac:
602 3384 662 3428 ros
682 3365 766 3424 haec
785 3358 905 3424 melius
922 3357 1008 3423 scire
1026 3355 1179 3441 potentiss
1199 3356 1356 3437 equidem
1376 3354 1489 3422 audita
1509 3359 1601 3422 dico:
1623 3382 1709 3441 quae
1728 3372 1800 3425 tum
1811 3364 1998 3444 frequentia
2010 3387 2105 3430 sena·

304 3483 373 3552 tus,
403 3490 490 3550 quae
520 3465 720 3549 exspectatio
749 3463 889 3548 populi,
924 3462 985 3543 qui
1009 3479 1189 3526 concursus
1214 3464 1399 3545 legatorum
1425 3484 1467 3526 ex
1492 3463 1597 3527 ltalia·
1612 3476 1750 3548 cuncta,
1774 3486 1860 3548 quae
1885 3469 1989 3531 virtus
2012 3470 2101 3532 actio

246 3579 288 3644 30
307 3577 452 3664 gravitas
473 3580 511 3641 P.
530 3572 663 3636 Lentuli
681 3571 826 3635 consulis
843 3567 961 3649 fuerit,
980 3585 1067 3647 quae
1087 3563 1188 3631 etiam
1206 3569 1354 3650 collegae
1376 3564 1447 3631 eius
1469 3569 1653 3632 moderatio
1674 3572 1716 3634 de
1735 3592 1803 3652 me;
1825 3573 1884 3652 qui
1903 3594 1980 3636 cum
1992 3572 2102 3636 inimi·

305 3681 399 3748 sitias
423 3680 490 3745 sibi
516 3697 648 3743 mecum
675 3695 717 3741 ex
743 3672 974 3756 reipublicae
1000 3669 1208 3735 dissensim
1233 3681 1402 3754 susceptas
1428 3692 1501 3736 esse
1527 3673 1680 3757 dixisset,
1710 3695 1766 3738 eas
1793 3694 1830 3737 se
1852 3675 2003 3757 patribus
2023 3698 2103 3742 con·

304 3788 435 3872 scriptis
456 3785 538 3850 dixit
558 3792 592 3848 et
612 3779 816 3864 temporibus
837 3776 887 3840 rei
908 3776 1062 3859 publicae
1080 3775 1331 3859 permissurum.

385 3892 535 3956 XXXIV.
576 3893 626 3971 73.
643 3889 730 3949 Tum
757 3881 914 3967 princeps
938 3890 1071 3966 rogatus
1097 3880 1292 3945 sententiam
1320 3882 1359 3944 L.
1381 3883 1475 3944 Cotta
1501 3881 1584 3944 dixit
1602 3882 1656 3963 id,
1684 3883 1779 3963 quod
1799 3883 2041 3969 dignissumum
2062 3907 2099 3950 re

304 3995 442 4081 publica
464 3994 549 4077 tuit,
576 3991 661 4055 nihil
691 3992 734 4053 de
761 4010 815 4052 me
841 3997 948 4052 actura
969 4006 1041 4049 esse
1059 3985 1150 4065 iure,
1177 3985 1263 4048 nihil
1290 4005 1384 4050 more
1412 3985 1594 4066 maiorum,
1623 3928 1708 4049 nihil
1727 3987 1879 4072 legibus.
1907 4009 1977 4052 non
1996 4008 2097 4071 possa

185 4086 190 4095 ¹
245 4098 288 4166 ³⁵
307 4120 510 4184 quemquam
536 4101 579 4161 de
604 4095 735 4161 civitate
762 4091 837 4156 tolli
862 4091 936 4156 sine
960 4088 1102 4169 iudicio;
1128 4091 1171 4153 de
1196 4090 1304 4173 capite
1329 4109 1400 4153 non
1420 4092 1524 4159 modo
1549 4089 1646 4172 ferri,
1672 4101 1724 4157 set
1742 4114 1786 4155 ne
1803 4092 1944 4156 iudicari
1963 4093 2102 4173 quidem

370 4343 455 4398 ERN.
491 4345 516 4399 ³.
534 4344 618 4432 Abest
633 4364 694 4400 aon.
719 4343 761 4397 19.
779 4361 817 4396 rer
813 4341 955 4412 publicas
970 4340 1157 4412 maperaadac
1171 4335 1336 4411 (republica
1359 4349 1511 4409 recuperata
1521 4335 1693 4403 Lambinus)
1719 4340 1864 4410 Pagasaeis
1880 4337 1987 4406 (Gaviis
2003 4338 2103 4410 190.)

302 4430 486 4488 28.1antaarii

372 4555 503 4624 Lam.
534 4554 616 4610 abed.
651 4557 676 4610 9.
694 4575 746 4610 noa
758 4553 902 4610 omabcd.
936 4553 962 4606 l.
979 4554 1147 4607 ammaon
1160 4534 1258 4624 semper
1271 4569 1286 4604 a
1300 4551 1369 4606 sola.
1391 4551 1416 4606 5.
1433 4570 1466 4605 a:
1480 4565 1537 4606 octo
1550 4553 1610 4607 tril.
1622 4572 1662 4607 ae.
1674 4571 1730 4607 aon
1742 4553 1788 4609 bd
1806 4555 1830 4608 6.
1849 4575 1882 4607 ea
1894 4557 2099 4629 worumimtg.

302 4644 362 4698 aba.
379 4661 436 4697 uon
456 4642 484 4694 d.
520 4642 561 4694 11.
579 4653 658 4712 atque
680 4643 867 4712 amplissimam
890 4641 973 4711 1³st⁴.
990 4657 1006 4692 a
1022 4639 1090 4693 sola.
1125 4637 1166 4692 15.
1182 4642 1326 4710 perfeetum
1343 4637 1362 4691 d
1379 4639 1446 4692 sola.
1482 4640 1523 4691 18.
1531 4641 1695 4709 facilitates
1717 4657 1757 4693 ac.
1774 4658 1830 4692 uon
1849 4638 1895 4692 bd.
1931 4640 1974 4696 19.
1992 4647 2032 4692 rsa·
2044 4661 2099 4712 pa-

303 4728 385 4779 blicaa
401 4727 588 4800 recuperandas
604 4722 682 4778 abed.
718 4725 762 4779 2³.
778 4744 806 4778 aa
821 4743 875 4779 om.
892 4722 973 4777 abed.
1007 4724 1050 4778 96.
1065 4728 1157 4794 pand
1173 4724 1231 4776 abc.
1247 4729 1339 4796 gravas
1356 4721 1384 4778 d.
1419 4721 1493 4776 ibid.
1509 4727 1537 4774 in
1555 4721 1689 4776 Calatinos
1705 4744 1737 4776 ac
1754 4723 1948 4779 Mehosahcd.
1984 4726 2030 4781 2⁸.
2047 4728 2094 4777 la·

303 4815 393 4864 marti·
408 4812 489 4864 abed.
524 4812 566 4865 30.
576 4815 665 4882 suerit
682 4811 796 4862 consulis
813 4827 828 4862 a
846 4809 914 4866 sola.
949 4808 991 4862 ³2.
1007 4827 1051 4863 aas
1067 4826 1094 4860 ss
1109 4808 1180 4860 deit
1196 4819 1221 4860 et
1238 4810 1395 4881 tenporibus
1411 4819 1437 4861 at
1453 4813 1517 4878 reip.
1534 4809 1579 4864 ab.
1596 4829 1639 4862 aas
1655 4811 1772 4882 sebdtiait
1789 4811 1825 4863 1².
1843 4807 1874 4863 C.
1891 4823 1917 4861 et
1935 4809 2092 4882 temporibus

303 4899 367 4993 ψ.
385 4915 409 4954 ⁰.
426 4911 452 4950 ct
470 4900 626 4969 tenporibus
642 4909 668 4959 st
683 4901 747 4968 reip.
765 4895 794 4949 (l.

371 5020 499 5078 LEC'l'l'.
515 5022 608 5078 ΜΕΜ.
643 5025 684 5078 16.
702 5043 745 5079 π.
763 5023 896 5096 ingredior
911 5025 964 5074 iam
981 5023 1008 5074 ia
1024 5019 1092 5076 Sesti
1108 5021 1268 5075 oiim
1284 5036 1316 5075 ea
1334 5019 1415 5094 glosa
1433 5017 1570 5074 rhetorico
1584 5020 1731 5094 agreditur
1747 5025 1801 5073 iam
1812 5026 1839 5075 ia
1850 5020 1878 5079 S.
1890 5037 1925 5075 tr.
1941 5029 2000 5073 orta
2016 5033 2098 5092 putas

302 5107 466 5180 Madvigius.
499 5107 554 5162 Sed
571 5110 607 5163 iia
624 5111 730 5164 omissis
747 5109 777 5163 iu
793 5126 870 5182 seqq.
890 5124 960 5160 mera
977 5108 1048 5162 insat
1064 5106 1191 5177 repetitio
1208 5104 1358 5178 plimoram
1374 5104 1456 5160 huius
1472 5107 1570 5178 capitis
1587 5107 1745 5175 verboruma
1761 5108 1872 5160 retentis
1885 5116 1978 5161 contra
1991 5106 2096 5170 elucet,

302 5210 352 5248 aas
374 5190 427 5247 hoa?
451 5193 514 5246 loco
537 5195 682 5248 tutaverit
706 5213 749 5250 vs.
764 5199 805 5247 ns·
816 5195 939 5266 publicas
953 5212 1048 5250 uasa:
1064 5191 1117 5258 „ia
1142 5190 1197 5247 boc
1213 5191 1328 5257 isicem
1349 5192 1472 5268 quamvls
1489 5193 1615 5247 nibnnus
1632 5189 1786 5264 designatas
1805 5191 1996 5247 antummodo
2011 5203 2096 5256 assat.

302 5296 396 5353 reapse
413 5283 467 5337 iata
485 5279 625 5335 tribunum
641 5299 670 5336 se
688 5280 796 5353 genic*
