4740 6068
470 360 517 427 32

470 542 555 603 alios
575 539 640 602 nisi
660 558 735 612 cos,
757 558 777 601 a
797 533 920 616 quibus
940 533 997 597 vix
1017 532 1113 597 vivos
1133 526 1261 619 effugit.
1299 534 1423 615 Semel,
1442 530 1599 615 inquam,
1616 552 1652 596 se
1671 532 1760 596 ludis
1782 534 1887 595 homo
1907 532 2080 615 popularis
2100 533 2271 597 commisit

471 644 625 723 omnino,
652 663 728 729 cum
755 642 791 703 in
819 644 946 723 templo
975 638 1290 703 Honoris-Virtutis
1317 640 1428 701 honos
1448 639 1581 702 habitus
1602 649 1688 702 esset
1714 638 1828 701 virtuti
1855 637 1978 716 Gaique
2004 636 2108 718 Mari,
2136 657 2273 699 conser-

472 748 593 811 vatoris
613 748 712 809 huius
739 746 878 828 imperi,
907 758 1161 809 monumentum
1187 742 1349 826 municipi
1375 742 1446 807 cius
1474 755 1506 805 et
1532 742 1581 805 rei
1605 742 1760 825 publicae
1789 741 1958 825 defensori
1983 744 2096 804 sedem
2119 743 2163 803 ad
2181 744 2272 805 salu-

469 864 535 915 tem
555 852 772 933 praebuisset.

431 958 451 1017 5
550 957 619 1019 LV.
661 978 729 1037 ¹¹7·
751 958 828 1039 Quo
856 953 993 1034 quidem
1019 960 1189 1033 tempore,
1214 949 1298 1031 quid
1317 953 1465 1033 populus
1488 954 1659 1015 Romanus
1684 951 1807 1015 sentire
1831 970 1867 1013 se
1892 952 2099 1029 ostenderet,
2124 957 2273 1030 utroque

470 1061 505 1121 in
527 1082 649 1145 gernere
670 1062 872 1124 declaratum
895 1070 963 1123 est:
988 1057 1117 1139 primo,
1145 1078 1222 1119 curn
1244 1056 1359 1118 audito
1385 1067 1520 1119 senatus
1547 1038 1699 1120 consulto
1720 1056 1769 1119 rei
1790 1054 1856 1136 ipsi
1874 1064 1974 1133 atque
1993 1050 2124 1115 absenti
2141 1050 2272 1115 senatui

469 1168 607 1247 plausus
627 1176 677 1229 cst
695 1167 738 1227 ab
759 1164 922 1227 universis
944 1165 1059 1224 datus:
1080 1162 1219 1242 deinde,
1240 1181 1317 1223 cunr
1337 1159 1546 1224 senatoribus
1566 1161 1707 1247 singulis
1726 1169 1909 1243 spectatum
1929 1178 1948 1219 e
1966 1165 2082 1220 senatu
2103 1154 2271 1218 redeunti-

468 1272 541 1333 bus.
582 1274 666 1332 Cum
693 1289 775 1331 vero
804 1270 897 1351 ipse,
923 1266 984 1347 qui
1009 1269 1108 1329 ludos
1134 1264 1297 1346 iaciebat,
1322 1266 1441 1328 consul
1467 1264 1607 1345 assedit,
1633 1274 1756 1329 stantes
1780 1264 1813 1329 ei
1840 1262 1996 1327 manibus
2021 1260 2129 1345 passis
2148 1258 2273 1345 gratias

469 1384 604 1457 agentes
631 1382 664 1435 et
688 1374 909 1435 lacrumantes
935 1370 1082 1455 gaudio,
1107 1391 1202 1433 suam
1230 1391 1309 1455 erga
1336 1391 1390 1434 me
1415 1369 1684 1434 benevolentiam
1710 1391 1748 1433 ac
1768 1365 2030 1433 miserieordiam
2050 1366 2274 1429 declararunt.

413 1480 451 1543 10
470 1481 530 1555 ht,
559 1464 636 1539 cuin
661 1479 720 1539 ille
747 1476 950 1537 furibundus
978 1475 1113 1539 incitata
1137 1478 1196 1539 illa
1220 1497 1282 1541 sua
1308 1475 1444 1539 vecordi
1473 1484 1584 1537 mente
1610 1474 1772 1553 venisset,
1799 1472 1857 1535 vix
1876 1491 1912 1535 se
1930 1470 2078 1554 papulus
2097 1470 2274 1531 Romanus

469 1581 592 1657 tenuit3
622 1580 678 1641 vix
704 1580 859 1641 homines
886 1580 1003 1642 odium
1029 1601 1128 1643 suum
1146 1601 1166 1643 a
1186 1600 1328 1665 corpore
1355 1581 1426 1645 eius
1453 1580 1588 1663 impuro
1607 1589 1707 1659 atque
1726 1578 1866 1641 infando
1885 1584 2123 1657 represserunt.
2160 1576 2273 1637 Voces

470 1684 607 1763 quidem
628 1696 661 1745 et
679 1685 866 1767 palmarum
893 1684 1040 1747 intentus
1067 1696 1099 1748 et
1123 1686 1377 1751 maledictorum
1404 1688 1585 1749 clamorem
1611 1702 1729 1747 omnes
1751 1682 1985 1764 profuderunt.
2026 1688 2095 1747 118.
2115 1680 2169 1743 Set
2189 1677 2274 1758 quid

470 1808 534 1871 ego
561 1788 681 1871 populi
710 1789 855 1851 Romani
883 1788 1032 1853 animum
1057 1790 1281 1871 virtutemque
1307 1809 1536 1856 commemoro
1561 1789 1745 1853 libertatem
1773 1787 1841 1849 iam
1865 1808 1907 1849 ex
1934 1786 2093 1849 diuturna
2114 1783 2273 1848 servitute

469 1891 674 1973 dispicientia
695 1893 731 1955 in
752 1913 793 1955 eo
814 1893 966 1975 homine,
987 1894 1043 1958 cui
1062 1904 1133 1959 tunt
1153 1897 1277 1978 petenti
1297 1896 1363 1959 iam
1384 1895 1583 1961 aedilitatem
1603 1914 1646 1955 ne
1666 1892 1845 1956 histriones
1866 1892 2002 1972 quidem
2017 1910 2128 1953 eoram
2143 1885 2275 1952 sedenti

413 2000 450 2063 15
470 2001 713 2077 pepercerunt?
745 2000 829 2061 Narn
855 2020 931 2062 cum
957 2011 1111 2083 ageretur
1136 2002 1279 2085 Togata,
1304 2001 1489 2081 simulans,
1517 2010 1555 2061 ut
1574 1998 1716 2079 opinor,
1743 2006 1874 2057 caterva
1894 2006 1963 2056 tota
1982 1995 2174 2055 clarissuma
2193 2008 2276 2051 con-

469 2102 622 2164 centione
641 2103 678 2165 in
699 2122 758 2165 ore
778 2104 904 2187 impuri
923 2104 1071 2169 hominis
1098 2104 1276 2168 imminens
1299 2103 1488 2181 contionata
1515 2108 1583 2153 ²⁸¹³
1609 2094 1710 2155 Huic
1731 2092 1824 2154 ”5¹⁰⁸
1845 2098 1928 2152 ‘1¹⁰⁶
1945 2126 1987 2169 ,-
2007 2103 2058 2173 tl,
2085 2088 2275 2172 Pvtlprl‘n·

468 2199 562 2285 sipia
583 2222 688 2287 acque
708 2204 824 2269 exitus
845 2204 991 2269 vitiosae
1008 2204 1127 2267 vitae!
1151 2201 1296 2259 sedebat
1322 2190 1548 2257 exanimatus:
1581 2204 1613 2257 ct
1639 2194 1687 2273 is,
1717 2195 1777 2273 qui
1804 2206 1899 2258 antea
1926 2204 2100 2259 cantorum
2120 2194 2274 2259 convicio
2307 2197 2310 2201 ’

469 2307 641 2365 contiones
663 2310 831 2363 celebrare
850 2313 927 2357 suas
947 2290 1097 2373 solebat,
1122 2303 1297 2357 cautorum
1324 2296 1477 2377 ipsorum
1503 2298 1644 2363 vocibus
1670 2298 1876 2363 eliciebatur.
1918 2304 1976 2382 Et,
2000 2299 2158 2381 quoniam
2183 2299 2272 2363 facta

467 2404 593 2469 mentio
616 2415 665 2467 est
684 2405 860 2482 ludorum,
880 2422 925 2462 ne
943 2398 1031 2461 illud
1049 2398 1187 2479 quidem
1201 2400 1474 2481 praetermittam,
1494 2400 1530 2463 in
1544 2424 1666 2487 magna
1678 2402 1835 2468 varietate
1848 2404 2085 2469 sententiarum
2097 2425 2271 2486 nunquam

409 2508 449 2573 20
470 2512 576 2575 ullum
598 2510 701 2571 luisse
721 2510 854 2587 locum,
873 2504 909 2567 in
929 2522 999 2584 quo
1022 2501 1151 2583 aliquid
1170 2524 1190 2565 a
1211 2508 1314 2586 po'dta
1330 2505 1458 2566 dictum
1477 2508 1596 2569 eadere
1614 2507 1650 2567 in
1665 2517 1795 2590 tempus
1808 2520 1959 2573 nostrum
1972 2510 2158 2593 rideretur,
2177 2514 2272 2591 quod

469 2624 526 2681 aut
552 2616 720 2699 populum
746 2608 936 2673 universum
964 2608 1095 2691 sugeret
1120 2618 1176 2669 aut
1200 2626 1271 2668 non
1292 2606 1489 2688 exprimeret
1509 2609 1583 2692 ipsc
1602 2622 1704 2674 actor.
1750 2636 1817 2692 119.
1844 2616 1900 2693 Et,
1923 2632 2064 2694 quaeso,
2087 2617 2155 2676 hoe
2178 2614 2273 2695 loco,

467 2720 610 2798 indices,
637 2740 681 2780 ne
702 2736 767 2797 qua
788 2716 922 2779 levitate
943 2734 997 2775 me
1017 2715 1154 2774 ductum
1174 2714 1219 2775 ad
1238 2711 1410 2775 insolitum
1431 2733 1537 2797 genus
1559 2715 1691 2777 dicendi
1709 2718 1779 2777 labi
1798 2717 1936 2798 putetis,
1964 2718 1993 2779 si
2020 2720 2062 2780 de
2081 2718 2201 2799 poetis,
2228 2719 2272 2781 do

467 2824 707 2903 histrionibus,
723 2824 766 2884 de
786 2819 877 2882 ludis
896 2820 933 2879 in
953 2815 1079 2879 iudicio
1101 2819 1232 2897 loquar.

546 2930 633 2990 LVl.
674 2930 751 2986 Non
771 2944 847 2985 sum
870 2933 934 2985 tam
956 2922 1110 3006 ignarus,
1136 2921 1282 3003 iudices,
1310 2942 1500 3005 causarum,
1527 2936 1685 2989 nontam
1708 2928 1856 2989 insolens
1875 2926 1912 2987 in
1931 2925 2094 3005 dicendo,
2120 2934 2157 2989 ut
2177 2924 2272 2991 omni

409 3033 449 3097 25
470 3054 509 3095 ex
530 3050 652 3115 genere
673 3027 859 3091 orationem
879 3047 1026 3109 aucuper
1046 3035 1078 3087 ct
1103 3025 1212 3087 omnis
1237 3026 1388 3107 undiquc
1417 3032 1574 3091 flosculos
1600 3049 1732 3111 carpam
1753 3038 1852 3108 atque
1872 3028 2028 3091 delibem.
2067 3029 2158 3111 Scio,
2187 3028 2272 3107 quid

467 3134 612 3219 gravitas
632 3143 755 3211 restra,
774 3132 856 3213 quid
875 3134 958 3195 haec
978 3129 1169 3209 advocatio,
1189 3127 1271 3209 quid
1290 3129 1348 3193 ille
1368 3146 1564 3214 conventus,
1585 3133 1666 3213 qnid
1686 3132 1828 3218 dignitas
1850 3138 1888 3197 P.
1905 3134 2008 3213 Sesti,
2027 3132 2109 3213 quid
2130 3133 2273 3215 periculi

468 3240 684 3325 sataguitudo,
714 3238 797 3319 quid
827 3247 938 3315 aetas,
966 3235 1050 3315 quid
1080 3238 1189 3298 honos
1218 3256 1312 3299 meus
1337 3240 1496 3319 postulet.
1542 3242 1597 3302 Set
1618 3238 1701 3301 mibi
1729 3240 1858 3321 sumpsi
1886 3240 2055 3301 hocloco
2084 3236 2270 3301 doctrinam

468 3349 635 3426 quandam
663 3345 845 3421 iuventuti,
876 3343 935 3421 qui
965 3354 1074 3403 essent
1103 3351 1301 3423 optumates.
1340 3342 1380 3403 ln
1411 3364 1449 3405 ea
1482 3344 1678 3425 explicanda
1705 3346 2001 3409 demonstrandum
2028 3354 2076 3407 est
2104 3362 2174 3405 non
2197 3360 2270 3407 esse

466 3451 638 3529 popularis
659 3448 768 3510 omisis
790 3466 867 3526 eos,
888 3446 947 3526 qui
967 3457 1136 3529 putentur.
1179 3448 1218 3509 Id
1239 3448 1408 3511 facillume
1422 3469 1622 3529 consequar,
1644 3450 1673 3512 si
1687 3450 1832 3513 universi
1846 3450 1966 3533 populi
1979 3448 2140 3513 iudicium
2152 3467 2270 3513 verum

409 3556 450 3617 30
470 3565 502 3614 et
521 3553 750 3633 incorruptum
773 3563 805 3614 et
825 3550 855 3613 si
873 3552 1019 3614 intumos
1040 3571 1155 3615 seusus
1177 3551 1315 3616 civitatis
1335 3573 1540 3633 expressero,
1583 3576 1650 3619 rao.
1672 3556 1761 3638 Quid
1789 3555 1852 3616 luit
1880 3556 1982 3634 illud,
2005 3556 2117 3633 quod,
2145 3551 2273 3614 recenti

467 3657 584 3719 nuntio
606 3662 648 3719 de
667 3656 728 3717 illo
748 3668 882 3719 senatus
903 3660 1074 3731 consulto,
1104 3660 1197 3736 qnod
1224 3657 1348 3719 lactum
1376 3667 1425 3719 est
1450 3655 1485 3718 in
1505 3660 1636 3739 templo
1665 3659 1820 3738 Virtutis,
1852 3660 1895 3721 ad
1921 3660 2020 3720 ludos
2047 3674 2270 3734 scaenamque

466 3766 609 3845 perlato,
631 3782 789 3825 consessu
812 3781 990 3839 maxumo,
1019 3782 1169 3824 summus
1195 3762 1314 3823 artilex
1334 3774 1365 3824 ct
1387 3764 1576 3825 mehercule
1602 3782 1735 3844 semper
1753 3762 1897 3843 partium
1916 3763 1952 3823 in
1973 3784 2009 3825 re
2029 3762 2166 3844 publica
2187 3772 2270 3823 tam*

468 3888 569 3946 :luam
590 3868 624 3927 in
645 3887 764 3929 scaena
788 3878 1020 3949 optumarum,
1047 3868 1129 3927 flens
1150 3876 1181 3929 et
1202 3867 1327 3929 recenti
1350 3866 1473 3929 laetitia
1501 3877 1532 3928 ct
1560 3866 1662 3929 mixto
1690 3868 1807 3929 dolore
1833 3890 1872 3931 ae
1900 3866 2065 3931 desiderio
2091 3864 2176 3939 mei,
2201 3862 2270 3946 egit

467 3982 547 4053 aput
567 3973 732 4051 populum
753 3973 941 4033 Romanum
972 3972 1077 4033 multo
1097 3970 1307 4055 gravioribus
1327 3971 1438 4033 verbis
1460 3989 1566 4033 meam
1589 3992 1740 4052 causant,
1759 3992 1860 4051 quam
1880 3981 2012 4055 egomet
2033 3972 2074 4032 dc
2096 3985 2269 4049 mergere

409 4087 449 4149 {25
470 4078 676 4159 potuissem?
706 4075 834 4138 Summi
853 4076 943 4139 eninr
964 4082 1083 4157 politae
1103 4076 1274 4160 ingenium
1295 4095 1363 4138 non
1385 4078 1496 4141 solum
1517 4087 1587 4139 arte
1605 4096 1685 4156 sua,
1711 4088 1760 4139 set
1783 4078 1880 4139 ctiam
1905 4078 2023 4138 dolore
2045 4070 2266 4155 exprimebat.

537 4288 622 4341 ERN.
656 4288 682 4340 5.
701 4292 839 4341 ostenderit
862 4289 1018 4355 (ostenderat
1041 4288 1158 4356 Anca.)
1187 4290 1211 4341 6.
1236 4308 1280 4341 ore
1300 4288 1354 4353 (rei
1376 4289 1542 4343 Garatonius
1565 4303 1593 4343 et
1615 4290 1756 4341 Dobraans
1775 4288 1864 4345 Adrr.
1887 4288 1914 4341 2.
1933 4303 1962 4355 p.
1978 4283 2053 4351 376.)
2086 4284 2111 4335 3.
2128 4292 2226 4335 stantes
2241 4294 2268 4333 et

471 4373 509 4427 tt.
527 4378 684 4459 respicientis
720 4376 763 4427 22.
781 4394 819 4427 are
836 4378 939 4429 levitate
954 4376 1075 4440 (lenitate
1091 4395 1131 4431 me
1150 4377 1235 4429 vatic.
1252 4374 1301 4441 Α.)
1334 4376 1378 4432 33.
1396 4382 1471 4429 uelato
1506 4376 1548 4431 31.
1565 4382 1620 4447 egit
1636 4390 1724 4447 aperte
1741 4376 1823 4427 multo

538 4476 661 4529 LtiC'th'.
698 4479 774 4531 abed.
815 4482 840 4532 2.
859 4490 886 4531 in
910 4482 1004 4550 terrrplo
1026 4484 1112 4530 virtus
1137 4478 1230 4530 leonori
1254 4478 1335 4530 bunos
1358 4480 1402 4531 he.
1427 4486 1454 4531 t'n
1479 4482 1572 4549 templo
1595 4486 1702 4533 vir-tutas
1726 4478 1807 4529 laenas
1829 4477 1858 4530 d.
1892 4476 1916 4528 3.
1934 4480 2070 4547 mursioipe'r'
2093 4476 2137 4528 be.
2160 4492 2216 4527 non
2235 4473 2265 4529 d.

468 4565 495 4617 5.
511 4568 648 4616 ostenderit
666 4565 710 4617 he.
746 4566 772 4615 6.
790 4566 880 4615 Priario
903 4572 970 4617 eninr
995 4566 1086 4616 audito
1111 4582 1125 4614 c
1148 4564 1216 4615 sola.
1252 4564 1277 4616 8.
1293 4576 1389 4615 stantes
1413 4576 1438 4615 et
1463 4563 1527 4616 abd.
1546 4584 1601 4616 non
1620 4584 1645 4617 c.
1679 4567 1719 4616 11.
1738 4562 1850 4613 mando
1866 4579 1890 4611 a.
1926 4560 1966 4613 12.
1984 4580 2082 4615 onrnem
2099 4560 2144 4612 be.
2162 4575 2219 4611 non
2238 4558 2264 4613 d.

468 4651 509 4700 l't.
527 4655 684 4719 respicientis
703 4650 731 4701 6.
746 4651 906 4717 despicientis
924 4650 968 4701 ed.
1004 4650 1046 4708 16.
1064 4648 1136 4703 Huic
1159 4653 1215 4703 vica
1231 4646 1247 4681 '¹¹
1266 4661 1313 4704 tun
1332 4661 1392 4718 post
1412 4653 1541 4719 principia
1567 4649 1609 4700 bc.
1633 4646 1732 4701 nond.
1770 4647 1814 4698 12.
1831 4660 1857 4699 et
1875 4648 1945 4698 illud
1959 4650 2064 4719 quidam
2080 4665 2132 4699 non
2145 4658 2268 4715 praeter·

469 4739 570 4783 mittam
588 4754 602 4785 c
620 4734 688 4787 sola.
723 4734 765 4786 22.
784 4752 822 4784 me
840 4734 947 4784 leuitate
965 4734 1046 4787 abed.
1082 4735 1125 4787 26.
1144 4736 1188 4784 illi
1208 4746 1346 4787 conventus
1369 4733 1432 4785 bod.
1468 4734 1508 4785 28.
1526 4734 1752 4785 denienstranduru
1766 4734 1830 4801 suit
1851 4734 1911 4785 abo.
1935 4750 1991 4783 non
2011 4731 2038 4785 d.
2072 4731 2116 4783 29.
2130 4742 2265 4801 putentur.

469 4816 511 4863 lix
529 4830 552 4867 te
570 4824 668 4887 igitur,
682 4818 780 4870 «lesura
796 4844 832 4855 -
846 4844 882 4855 -
899 4845 935 4853 -
944 4820 1039 4887 ficisti
1055 4838 1103 4871 cur
1127 4821 1173 4871 itte
1198 4821 1251 4888 ipse
1275 4824 1385 4871 maritae
1411 4820 1499 4871 ludius
1515 4844 1552 4855 -·
1567 4844 1603 4855 -·
1619 4842 1656 4854 -
1671 4822 1748 4867 uivus
1771 4818 1867 4888 gffugr't
1884 4815 1926 4880 (§.
1946 4816 2024 4883 116.)
2039 4820 2087 4867 vix
2110 4812 2266 4883 adpopulos

469 4898 516 4947 llo·
533 4924 569 4937 ·-
584 4926 621 4939 ·-
639 4926 670 4937 -
696 4915 870 4973 represserunt
892 4900 937 4967 (§.
965 4902 1045 4969 117.)
1069 4923 1100 4955 us
1125 4905 1262 4957 histriones
1285 4906 1440 4976 quidm,—
1455 4930 1492 4941 —
1511 4901 1886 4975 -prpareerunt(§.118.)
1922 4900 2067 4972 Quidfuit
2084 4898 2177 4953 ittnd?
2193 4896 2268 4967 qnod

468 4998 581 5033 surarum
605 4988 705 5054 artifex
730 5004 823 5038 manee
848 5000 875 5037 et
892 4987 1047 5057 perturbate
1065 5008 1089 5044 a.
1125 4990 1168 5043 32.
1182 4992 1300 5059 partium
1323 4994 1391 5041 inter
1412 4990 1513 5059 plebem
1528 5000 1662 5059 tanquam
1678 5007 1694 5039 c
1710 4990 1775 5041 sola.
1811 4988 1854 5045 33.
1871 4991 2037 5057 optimatium
2053 4986 2072 5037 d
2088 4985 2156 5037 sola.
2192 4980 2266 5037 thid.

469 5078 562 5119 tttwlo
580 5085 603 5120 a.
623 5074 698 5120 misto
715 5072 757 5123 be.
775 5070 877 5146 nond.
914 5073 955 5125 31.
973 5078 1026 5142 egit
1043 5084 1131 5140 aperte
1147 5075 1229 5125 multo
1247 5071 1312 5126 abd.
1328 5092 1385 5126 non
1401 5090 1426 5125 a.
1461 5072 1502 5127 35.
1519 5074 1686 5142 exprimebat.
1724 5072 1793 5123 Tum
1809 5072 1873 5132 r'lio,
1893 5084 1991 5143 quanto
2008 5088 2066 5121 eum
2082 5073 2181 5139 gemitu
2198 5084 2223 5119 a.

537 5166 664 5222 LEC'IT.
683 5170 776 5223 llllilll.
812 5172 854 5223 10.
873 5172 961 5226 Fora:
980 5178 1110 5231 incitatus,
1146 5174 1188 5227 32.
1207 5174 1277 5227 fort
1306 5181 1424 5245 partium
1449 5182 1546 5229 taurin
1564 5194 1592 5228 rs
1611 5178 1718 5245 publiea
1737 5195 1815 5248 qnam
1834 5182 1861 5229 in
1878 5195 1977 5229 scaena.
2020 5174 2060 5227 31.
2080 5172 2263 5245 adpopulos

469 5255 492 5319 ll
518 5254 671 5327 Madvigius
689 5274 720 5307 er
738 5256 811 5309 lectt.
833 5258 889 5310 AB.
907 5278 924 5309 a
942 5259 976 5311 P.
994 5262 1027 5317 ll.
