4740 6068
653 1602 1064 1697 NOTlutJM
1125 1610 1654 1705 lIKPLlCATIO.

1066 1898 1250 1913 ——n-

425 2124 435 2136 '
477 2178 485 2191 .
543 2158 572 2187 =
629 2124 757 2193 Codex
784 2129 1112 2206 VaticauusMaii.

628 2278 719 2353 Cod.
747 2282 881 2379 Regius
908 2285 1018 2356 Paris.
1045 2287 1122 2359 Scc.
1153 2290 1217 2359 lx.
1246 2290 1430 2387 Jtl'sdrigii.

620 2438 710 2512 Cod.
742 2438 937 2509 Berueusis
964 2440 1041 2510 Sec.
1068 2444 1114 2509 X.

619 2594 709 2667 Cod.
738 2595 933 2667 Ilerncnsis
958 2596 1037 2666 Sec.
1064 2598 1147 2667 XV.
1177 2615 1336 2696 utu-quc
1363 2628 1382 2669 a
1408 2603 1447 2671 L.
1478 2604 1621 2675 letcrio
1649 2605 1813 2679 collatus.

620 2753 841 2823 Ascensiana
868 2750 1033 2823 secunda
1065 2756 1163 2825 1522.

616 2907 842 2979 Ascensiaua
869 2906 978 2978 tertia
1009 2908 1109 2981 1531.

442 3092 461 3135 ·,
531 3120 559 3130 -.
615 3064 849 3164 llcrvagiana
874 3066 991 3140 Nonis
1017 3068 1228 3139 Februariis
1267 3070 1368 3161 1554.

532 3276 561 3289 ..
616 3222 871 3321 Naugeriana,
898 3226 1028 3296 l‘lcusc
1053 3224 1259 3297 Ilcccrulrri
1292 3228 1388 3317 1534..

980 3460 1330 3475 *—

796 3726 1504 3827 PRAEFATIO.

1065 4019 1118 4029 vu—
1123 4020 1243 4029 --—--—-·

249 4248 352 4335 (ium
376 4274 462 4357 post
487 4254 670 4328 secundas
695 4282 794 4329 meas
816 4258 855 4328 in
881 4256 1083 4330 Sestiauam
1109 4285 1217 4331 curas
1245 4284 1339 4330 nova
1363 4254 1547 4357 quaedam
1575 4282 1678 4329 nunc
1710 4272 1842 4327 nactus
1864 4253 1931 4325 sim
1954 4254 2041 4325 sub-

247 4389 360 4471 sidia,
386 4391 528 4490 placuit
563 4389 602 4461 in
628 4389 699 4464 hac
731 4388 998 4489 scriptiuncula
1024 4389 1231 4462 orationem
1257 4388 1553 4463 adolescentibus
1585 4386 1822 4461 instituendis
1846 4386 1886 4459 in
1911 4386 2039 4487 primis

247 4521 422 4595 idoneam
449 4523 500 4593 ita
533 4522 772 4601 constitutam
797 4518 995 4604 exhibere,
1022 4544 1065 4593 ut
1091 4522 1169 4623 ipsa
1194 4521 1255 4593 illa
1281 4520 1441 4595 subsidia
1469 4522 1648 4593 iubebant
1674 4519 1885 4605 homiuem,
1912 4519 2037 4619 quiin

248 4668 326 4723 tota
350 4650 421 4724 hac
441 4669 521 4725 arte
549 4656 676 4728 critica
700 4654 794 4727 nihil
816 4652 886 4725 nisi
912 4678 1043 4725 verum
1068 4671 1211 4755 spectat
1237 4680 1395 4755 suasque
1419 4654 1613 4755 opiniones
1642 4670 1681 4728 ct
1704 4650 1861 4727 refutari
1887 4669 1923 4725 et
1945 4648 2036 4721 acri-

251 4800 324 4869 ter,
349 4784 379 4855 si
398 4784 459 4857 cui
475 4786 622 4884 placet,
647 4784 875 4887 reprehendi
893 4812 972 4858 non
987 4783 1099 4857 modo
1118 4812 1195 4858 non
1213 4813 1321 4887 aegre
1344 4786 1440 4871 lert,
1465 4813 1596 4859 versun
1619 4786 1729 4859 etiam
1749 4811 1795 4856 cx
1819 4782 1931 4853 animi
1955 4805 2037 4851 sen-

247 4915 364 4988 tentia
394 4916 577 5003 laetatur,
618 4916 683 4990 ubi
711 4919 833 4993 Tullio
868 4944 935 4991 suo
962 4918 1120 4991 aliorum
1152 4918 1283 4993 studiis
1316 4918 1486 4994 doctrina
1519 4918 1689 4991 acumine
1716 4910 1940 4987 bcnclicium
1973 4910 2037 4982 ali-

247 5048 350 5147 quod
376 5050 598 5148 impertitur.

341 5214 565 5290 Huiusmodi
583 5234 707 5291 autem
723 5216 949 5292 beneficium
964 5219 1005 5293 in
1024 5220 1246 5293 Ciceronem
1262 5217 1386 5291 denuo
1404 5215 1564 5291 contulit
1580 5211 1789 5312 Madvigius
1804 5212 1852 5285 V.
1868 5211 1909 5284 C.
1928 5207 2035 5282 editis

247 5346 393 5421 duobus
431 5348 563 5425 libellis
598 5350 835 5439 academicis,
872 5352 1009 5453 quibus
1044 5350 1230 5453 triplicem
1265 5351 1447 5427 Codicum
1472 5349 1659 5425 Sestianae
1686 5344 1840 5447 stirpem
1868 5340 2036 5413 sollerter
