4740 6068
1862 359 1907 431 31

29 580 36 593 ·
112 543 211 605 duces
230 550 264 603 et
284 547 436 602 auctores
456 532 574 618 luisse,
595 556 672 601 eum
691 530 765 620 ipae
784 539 871 601 lator
890 534 975 601 nihil
995 536 1037 599 ab
1058 537 1183 599 horum
1205 534 1412 619 turpitudine
1423 534 1561 600 audacia
1579 538 1736 603 sordibus
1754 541 1914 605 abhorre·

110 654 172 711 ret.
209 649 269 726 At,
297 662 374 707 eum
394 645 436 715 de
456 642 614 726 dignitate
636 662 709 704 mea
728 640 914 723 terebatur,
943 658 1044 705 nemo
1062 639 1129 704 sibi
1149 662 1211 706 nec
1231 641 1429 705 valetudinis
1449 640 1698 705 excusationem
1727 662 1789 707 nec
1819 664 1913 710 sene-

111 748 207 813 ctutis
234 747 311 811 satis
332 747 451 810 iustam
477 746 618 828 putavit:
645 764 745 810 nemo
773 745 853 828 iuit,
883 744 942 826 qui
966 766 1004 809 se
1028 765 1099 809 non
1124 768 1197 810 rem
1224 745 1394 829 publicam
1419 767 1551 811 meeum
1579 746 1681 811 simul
1701 768 1858 813 revocare
1878 749 1916 811 in

111 873 188 916 suas
208 851 294 914 sedis
316 851 536 916 arbitraretur.
590 830 596 841 ⁵
1750 906 1753 914 ,

191 956 282 1016 LIII.
324 962 391 1017 11³.
411 953 591 1017 Videamus
612 973 703 1017 nunc
723 952 857 1016 comitia
877 952 1141 1038 magistratuum.
1181 953 1258 1016 Fuit
1283 954 1462 1040 collegium
1487 976 1596 1038 nuper
1615 956 1847 1033 tribunicium,
1874 958 1950 1027 in5

111 1078 179 1139 quo
199 1069 265 1123 tres
277 1058 437 1139 minume,
457 1061 672 1121 vehementer
692 1059 761 1119 duo
782 1058 962 1140 populares
983 1057 1264 1122 existimabantur.
1306 1062 1355 1121 Ex
1375 1058 1431 1141 iis,
1451 1061 1510 1141 qui
1530 1063 1708 1143 populares
1721 1083 1792 1125 uon
1810 1065 1914 1128 habe·

109 1163 250 1240 bantur,
276 1163 396 1241 quibus
419 1163 457 1224 in
480 1161 541 1224 illo
570 1182 694 1247 genere
720 1164 959 1227 conductarum
979 1163 1175 1227 contionum
1195 1163 1396 1227 consistendi
1424 1175 1566 1246 potestas
1587 1186 1659 1228 non
1679 1176 1768 1242 erat,
1799 1170 1867 1231 duo
1889 1190 1911 1231 a

109 1267 241 1348 populo
261 1268 417 1331 Romano
439 1277 610 1349 praetores
624 1267 730 1351 ¹uideo
751 1287 823 1331 esre
841 1268 968 1332 iactos:
1000 1278 1050 1349 et,
1080 1279 1240 1349 quantum
1267 1269 1477 1332 sermonibus
1504 1269 1599 1354 volgi
1624 1280 1656 1333 et
1677 1266 1841 1354 suffragiis
1860 1271 1913 1333 in·

110 1372 266 1455 tellegere
286 1372 401 1453 potui,
420 1390 501 1454 prae
526 1392 566 1436 se-
583 1373 730 1454 populus
751 1372 923 1435 Romanus
943 1371 1070 1437 ierebat
1088 1372 1154 1437 sibi
1173 1373 1270 1436 illum
1289 1373 1325 1435 in
1347 1373 1514 1439 tribunatu
1537 1373 1600 1438 Cn.
1620 1373 1747 1437 Domiti
1767 1375 1912 1439 animum

109 1485 313 1539 constantem
332 1487 365 1541 et
385 1476 560 1562 egregium
579 1488 611 1539 et
632 1476 673 1559 Q.
695 1473 842 1539 Anchari
862 1475 965 1538 fidem
985 1498 1024 1540 ao
1044 1477 1293 1560 fortitudinem,
1312 1477 1411 1542 etiam
1432 1478 1462 1541 si
1480 1479 1567 1541 nihii
1587 1499 1687 1563 agere
1705 1479 1908 1563 potuissent,
1929 1487 1972 1551 tu

109 1589 221 1644 tamen
241 1582 415 1645 voluntate
433 1580 507 1663 ipsa
525 1590 657 1666 gratum
677 1580 790 1643 inisse.
831 1583 904 1643 Iam
925 1582 967 1643 de
989 1585 1024 1644 C.
1046 1582 1172 1646 Fannio
1196 1604 1282 1663 quae
1308 1582 1350 1646 sit
1377 1583 1592 1665 existimatio,
1620 1584 1792 1647 videmus:
1820 1586 1913 1664 quod

107 1683 270 1746 iudicium
289 1685 410 1767 populi
430 1687 575 1749 Romani
593 1686 629 1748 in
650 1686 837 1749 honoribus
852 1686 923 1748 eius
942 1687 1093 1751 futurum
1107 1686 1164 1763 sit,
1184 1686 1310 1749 nemini
1323 1688 1463 1777 dubium
1478 1708 1550 1751 esse
1564 1690 1672 1751 debet.
1718 1705 1783 1765 ¹¹4·
1800 1689 1913 1772 Quid?

107 1791 288 1870 populares
306 1791 357 1853 illi
377 1793 445 1853 duo
468 1791 552 1872 quid
570 1793 730 1875 egerunt?
762 1792 870 1872 Alter,
892 1790 951 1871 qui
971 1799 1138 1855 tamense
1158 1792 1383 1874 continuerat,
1404 1791 1641 1873 tuleratnibil,
1672 1804 1820 1855 senserat
1843 1802 1913 1853 tan-

55 1940 58 1949 .
108 1902 178 1956 tum
201 1896 242 1956 dc
262 1897 455 1977 republica
471 1895 583 1978 aliud,
603 1904 703 1975 atque
721 1895 876 1959 homines
897 1897 1147 1978 exspectabant,
1168 1896 1220 1958 vir
1240 1907 1272 1960 et
1293 1901 1403 1960 bonus
1424 1907 1456 1960 et
1475 1896 1636 1960 innocens
1657 1906 1690 1959 et
1711 1895 1811 1959 bonis
1829 1895 1911 1957 viris

105 2014 239 2077 semper
257 2001 435 2078 probatus,
460 2002 553 2078 quod
572 2019 691 2079 parum
712 1999 866 2062 videlicet
884 2001 1047 2063 intellexit
1064 1999 1101 2062 in
1120 2001 1308 2083 tribunatu,
1338 2001 1421 2083 quid
1440 2021 1519 2066 vero
1541 2003 1676 2085 populo
1691 2002 1910 2083 probaretur,
1931 2006 1981 2069 15.

107 2108 141 2161 et
164 2101 257 2175 quod
282 2099 379 2160 illum
406 2116 477 2183 esse
506 2100 670 2177 populum
692 2102 902 2172 Romanum,
928 2105 1042 2176 quiin
1062 2106 1218 2169 contione
1238 2118 1323 2188 erat,
1349 2108 1589 2189 arbitrabatur,
1613 2127 1684 2170 non
1704 2106 1811 2169 tenuit
1835 2127 1913 2169 eum

108 2205 236 2283 locum,
259 2201 295 2263 in
316 2222 437 2281 quem,
461 2199 528 2262 nisi
546 2199 720 2281 popularis
741 2218 814 2261 esse
836 2197 1012 2277 voluisset,
1035 2196 1204 2259 facillume
1222 2212 1440 2278 pervenisset.
1481 2213 1571 2275 Alter
1593 2210 1654 2291 qui
1674 2210 1720 2273 ita
1738 2231 1776 2274 se
1794 2210 1832 2272 in
1851 2228 1914 2291 po·

61 2300 87 2391 '¹
107 2305 217 2389 pulari
235 2306 366 2369 ratione
386 2307 536 2385 iactarat,
555 2312 592 2365 ut
610 2300 778 2384 auspicia,
798 2304 909 2386 legem
929 2301 1074 2380 Aeliam,
1100 2311 1234 2362 senatus
1255 2302 1504 2384 auctoritatem,
1534 2319 1727 2385 consulem,
1748 2317 1913 2397 collegas,

107 2408 275 2475 bonorum
296 2408 456 2472 iudicium
477 2406 562 2471 nibil
581 2415 731 2489 putaret,
754 2405 955 2469 aedilitatem
974 2402 1090 2486 petivit
1113 2423 1189 2465 cum
1211 2405 1310 2467 bonis
1328 2406 1409 2468 uiris
1428 2419 1461 2471 et
1480 2410 1675 2474 bominibus
1696 2414 1832 2497 primis,
1862 2427 1913 2479 set

106 2535 177 2579 uon
197 2512 498 2599 praestantissumis
519 2511 641 2595 opibus
661 2522 694 2575 et
713 2510 837 2596 gratia:
868 2509 987 2572 tribum
1008 2530 1102 2572 suam
1123 2502 1191 2572 non
1211 2508 1304 2589 tulit,
1331 2510 1513 2574 Palatinam
1536 2516 1696 2599 denique,
1727 2540 1788 2600 per
1807 2540 1910 2599 quam
1929 2526 1971 2591 20

108 2642 225 2688 omnes
251 2621 330 2682 illae
353 2631 463 2702 pestes
482 2640 602 2683 vexare
625 2640 697 2682 rem
724 2614 1131 2698 publicam·dicebantur,
1161 2613 1324 2695 perdidit;
1354 2633 1415 2676 nec
1442 2614 1626 2694 quidquam
1652 2620 1719 2681 illis
1750 2624 1912 2706 comitiis,

108 2728 202 2804 quod
222 2724 304 2787 boui
324 2724 386 2786 riri
406 2726 546 2804 uellent,
565 2724 631 2786 nisi
651 2724 820 2805 repulsam
834 2719 919 2787 tulit.
959 2718 1087 2783 Videtis
1106 2719 1222 2804 igitur,
1242 2720 1407 2801 populum
1426 2717 1554 2802 ipsum,
1574 2731 1612 2782 ut
1628 2721 1674 2784 ita
1695 2723 1821 2806 dicam,
1843 2730 1910 2793 ianr

108 2849 178 2892 non
198 2849 271 2892 esse
288 2831 501 2911 popularem,
529 2828 588 2906 qui
613 2828 660 2888 ita
679 2829 894 2888 vehementer
914 2842 990 2903 eos,
1021 2823 1079 2902 qui
1107 2824 1286 2905 populares
1308 2824 1493 2904 habentur,
1518 2836 1671 2907 respuat,
1703 2846 1760 2890 eos
1781 2836 1910 2910 autem,

108 2934 168 3014 qui
187 2935 219 2995 ei
238 2933 354 3017 generi
373 2935 608 3012 adversantur,
627 2934 759 2994 bonore
780 2928 1005 3014 dignissumos
1024 2926 1157 2989 iudicet.

186 3038 274 3103 LIV.
317 3043 385 3102 115.
410 3036 584 3102 Veniamus
602 3039 647 3099 ad
663 3038 774 3098 ludos.
815 3033 905 3097 Facit
924 3032 1032 3112 enim,
1058 3030 1203 3111 iudices,
1231 3039 1339 3093 vester
1363 3028 1426 3094 iate
1450 3030 1488 3093 in
1507 3053 1562 3095 mc
1583 3032 1772 3097 animorum
1792 3036 1907 3099 oculo·
1927 3038 1969 3102 25

107 3164 250 3223 rumque
277 3143 464 3223 coniectus,
493 3152 530 3203 ut
558 3141 643 3205 mibi
668 3139 736 3203 iam
761 3139 862 3202 licere
887 3148 999 3219 putem
1025 3134 1214 3199 remissiore
1241 3134 1291 3199 uti
1312 3135 1596 3219 generedicendi.
1637 3138 1857 3203 Comitiorum
1878 3154 1912 3203 et

110 3245 306 3311 contionum
327 3245 584 3331 significationes
604 3245 771 3308 Interdum
792 3263 890 3305 verae
910 3252 1005 3323 sunt,
1025 3260 1267 3320 nonnunquam
1288 3240 1424 3303 vitiatae
1443 3249 1544 3320 atque
1557 3257 1749 3324 corruptae:
1769 3247 1910 3308 theatra-

108 3353 158 3416 les
176 3349 432 3436 gladiatoriique
446 3370 619 3414 consessus
633 3348 789 3411 dicuntur
809 3346 948 3409 omnino
970 3349 1079 3410 solere
1097 3346 1231 3409 levitate
1252 3346 1494 3432 nonnullorum
1508 3357 1640 3429 emptos
1653 3350 1791 3429 plausus
1812 3349 1907 3412 exilis

110 3467 143 3521 et
161 3476 257 3521 raros
284 3456 435 3521 excitare.
476 3461 522 3518 Ac
549 3466 658 3517 tamen
683 3453 779 3515 iaeile
807 3463 874 3534 est,
904 3472 978 3513 cum
1006 3451 1043 3512 id
1069 3450 1125 3530 fit,
1153 3451 1437 3529 quemadmodum
1458 3460 1529 3513 eta
1550 3451 1750 3531 quibusfiat
1771 3455 1907 3534 etquid

107 3562 236 3647 integra
255 3562 436 3626 multitudo
456 3560 574 3640 saciat,
598 3559 723 3623 videre.
764 3557 851 3644 Quid
876 3577 940 3641 ego
967 3577 1055 3618 nunc
1081 3555 1206 3636 dicam,
1235 3554 1356 3634 quibus
1383 3555 1463 3617 viris
1489 3566 1546 3617 aut
1572 3556 1627 3618 cui
1645 3557 1761 3639 generi
1782 3556 1903 3620 civium
1924 3558 1966 3623 30

107 3686 263 3730 maxume
282 3668 522 3749 applaudatur?
550 3664 723 3727 Neminem
742 3664 889 3726 vestrim
909 3662 1005 3725 fallit.
1045 3662 1094 3726 Sit
1113 3666 1179 3724 boc
1198 3681 1278 3724 sane
1296 3661 1385 3741 leve,
1405 3662 1498 3740 quod
1513 3680 1582 3722 non
1601 3661 1648 3724 ita
1663 3672 1726 3742 est,
1746 3662 1908 3741 quoniam

109 3778 251 3849 optumo
271 3769 391 3849 cuique
410 3769 616 3850 impertitur:
643 3779 711 3850 set,
736 3768 766 3833 si
786 3780 834 3833 est
853 3770 945 3848 leve,
964 3766 1095 3830 homini
1114 3766 1207 3851 gravi
1227 3769 1300 3828 leve
1321 3776 1388 3844 est;
1413 3765 1560 3846 civero,
1584 3767 1643 3846 qui
1662 3771 1785 3849 pendet
1807 3768 1908 3831 rebus

109 3872 316 3955 levissumis,
344 3874 403 3953 qui
422 3893 557 3936 rumore
577 3884 609 3936 ct
636 3876 695 3953 (ut
720 3874 787 3956 ipsi
805 3872 984 3955 locuntur)
1003 3871 1118 3934 favore
1137 3870 1258 3955 populi
1277 3881 1407 3935 tenetur
1431 3881 1464 3934 ct
1492 3872 1640 3953 ducitur,
1669 3873 1824 3954 plausum
1845 3870 1908 3933 im·
1994 3878 2004 3910 ⁹

108 3976 357 4052 mortalitatem,
377 3977 512 4039 sibilum
527 3987 667 4038 mortem
682 3974 788 4039 videri
800 3997 935 4040 necesse
951 3987 1010 4042 est.
1053 3982 1120 4040 116.
1141 3980 1189 4038 Ex
1203 3987 1234 4039 te
1246 3976 1363 4060 igitur,
1379 3978 1515 4055 Scaure,
1527 3976 1749 4057 potissumum
1762 3992 1905 4055 quaero,

109 4080 168 4159 qui
185 4084 285 4145 ludos
304 4082 585 4164 apparatissumos
606 4080 1028 4166 magnificentissumosque
1047 4081 1170 4161 iecisti,
1186 4081 1303 4165 ‚eequis
1323 4082 1464 4144 istorum
1481 4079 1694 4161 popularium
1711 4089 1785 4140 tuos
1805 4080 1902 4140 ludos
1922 4070 1964 4135 ὥ

106 4186 314 4267 adspexerit,
339 4185 452 4265 ecquis
473 4205 509 4246 se
530 4189 659 4248 theatro
679 4188 876 4267 populoque
897 4189 1050 4247 Romano
1072 4186 1283 4248 commiserit.
1325 4187 1402 4266 Ipse
1424 4183 1482 4246 ille
1502 4203 1656 4246 maxume
1675 4182 1806 4261 ludius,
1833 4202 1904 4244 non

106 4290 218 4351 solum
236 4299 415 4371 spectator,
434 4300 484 4352 set
504 4301 595 4353 actor
616 4300 649 4353 et
668 4310 835 4371 acroama,
856 4289 916 4369 qui
938 4290 1051 4353 omnia
1071 4289 1195 4352 sororis
1216 4288 1362 4351 embolia
1381 4291 1489 4372 novit,
1509 4287 1624 4370 quiin
1645 4299 1774 4352 coetum
1790 4286 1907 4351 mulie·

106 4413 182 4454 rum
203 4411 267 4475 pro
287 4395 422 4475 psaltria
442 4394 637 4475 adducitur,
666 4414 728 4456 nee
754 4405 829 4456 tuos
855 4396 954 4457 ludos
982 4393 1133 4476 adspexit
1156 4394 1192 4455 in
1218 4395 1277 4456 illo
1304 4395 1433 4457 ardenti
1459 4394 1627 4458 tribunatu
1652 4413 1714 4457 suo
1737 4414 1797 4472 nec
1817 4395 1905 4455 ullos

173 4666 261 4721 ERN.
297 4668 323 4724 6.
342 4667 385 4721 bia
416 4670 460 4723 21.
478 4688 569 4723 verere
583 4674 710 4742 populum
726 4673 871 4723 liorrranum
910 4669 951 4723 2⁵.
969 4671 1056 4723 Abest
1071 4638 1128 4723 tite.
1163 4670 1204 4722 29.
1222 4666 1349 4720 Attamen
1365 4667 1424 4733 (Ae
1441 4680 1526 4720 temen
1537 4667 1610 4732 ΑΒ.)
1638 4669 1682 4721 32.
1696 4663 1904 4737 ponderandus

176 4830 307 4889 unm.
341 4832 421 4890 abed.
457 4836 481 4885 1.
499 4832 622 4887 abici-m
637 4832 685 4887 bd.
702 4852 758 4887 neu
777 4853 801 4891 c.
837 4834 861 4887 5.
881 4834 1008 4889 Videmus
1026 4835 1069 4889 bc.
1087 4854 1143 4887 non
1163 4835 1190 4888 d.
1225 4835 1250 4888 6.
1270 4834 1310 4886 bia
1327 4833 1369 4885 bc.
1386 4829 1484 4885 nond.
1519 4828 1545 4882 7,
1562 4825 1733 4878 duorcaola.
1768 4824 1810 4877 10.
1828 4843 1903 4895 egre-

108 4935 179 4989 μοι
195 4931 276 4990 atque
292 4914 428 4971 Araharii
442 4919 488 4972 bc.
503 4924 634 4990 egregiam
650 4932 729 4991 atque
747 4918 784 4992 Q.
801 4920 936 4973 Ancharii
952 4919 1059 4989 d.‚13.
1076 4927 1124 4993 qui
1141 4932 1242 4971 tantum
1259 4938 1285 4971 ra
1301 4937 1317 4969 c
1333 4917 1402 4969 sola.
1438 4915 1480 4968 15.
1498 4914 1565 4984 quid
1580 4911 1680 4981 populo
1700 4909 1858 4981 probantur
1875 4920 1901 4961 et

108 5003 174 5074 quiri
195 5004 271 5055 illurn
292 5022 348 5055 erae
366 5006 480 5074 populus
503 5005 635 5056 Romanus
657 5023 673 5057 c
696 5008 764 5059 sola.
798 5009 839 5061 ts.
856 5007 963 5059 lineam
987 5006 1051 5061 bed.
1086 5005 1161 5060 ibid.
1178 5006 1311 5055 consulum
1334 5021 1349 5052 c
1369 4999 1439 5052 sola.
1473 4999 1515 5049 21.
1532 5014 1628 5048 auare
1650 4995 1779 5065 populum
1801 4995 1898 5047 Roma·

106 5106 170 5140 uum
186 5086 250 5144 bed.
285 5090 329 5145 22.
347 5103 401 5140 tam
424 5107 476 5140 neu
498 5108 513 5140 c
537 5090 605 5144 sola.
640 5091 682 5144 26.
700 5095 885 5165 oculorumque
907 5095 1038 5143 contuitur
1060 5089 1144 5143 abed.
1176 5087 1248 5139 ibici.
1267 5087 1375 5139 dr'eendi.
1401 5094 1427 5134 et
1449 5099 1547 5154 quaese
1574 5081 1622 5132 boc
1646 5079 1901 5146 nco(§.119.)r·

107 5175 151 5229 28.
168 5186 195 5226 et
211 5175 290 5228 aetla
307 5175 326 5226 d
342 5176 409 5228 sola.
445 5175 488 5227 li.
506 5193 557 5226 non
573 5182 612 5227 ita
628 5182 729 5239 sentio,
744 5185 867 5250 quoniam
884 5180 911 5231 b.
928 5196 980 5228 non
997 5182 1035 5228 ita
1055 5188 1128 5236 sunt,
1154 5179 1277 5247 quonlam
1295 5192 1319 5226 c.
1347 5168 1387 5221 Ut
1404 5185 1469 5229 nos,
1494 5165 1522 5220 ri.
1557 5167 1600 5219 32.
1624 5170 1776 5238 impartitur
1797 5160 1898 5219 deols·

108 5261 150 5315 ⁸2.
167 5262 261 5332 pendet
277 5278 295 5311 a
311 5262 385 5314 rebar
402 5262 447 5315 bc.
465 5278 520 5313 non
538 5259 565 5312 d.
601 5263 643 5315 35.
659 5269 871 5334 apparatissimos
879 5268 975 5333 jecisti
991 5263 1009 5312 b
1026 5261 1092 5315 sola.
1128 5261 1170 5314 st.
1188 5258 1311 5311 cebrenia
1327 5277 1342 5311 c
1357 5256 1428 5310 sola.
1462 5250 1535 5307 lbid.
1551 5263 1626 5305 coetu
1642 5271 1658 5307 a
1675 5253 1744 5308 sola.
1775 5328 1778 5333 Ι
