4740 6068
266 354 318 429 t'1

261 550 291 632 §.
324 550 400 637 ¹34·
454 544 708 645 contemptio,
739 569 868 619 nonne
894 571 1007 645 quem
1030 544 1134 618 habi·
1222 552 1466 643 contemptio,
1485 573 1530 619 ne
1551 572 1628 619 non
1647 546 1836 621 habitura
1857 554 1908 621 sit
1922 554 2082 622 emittent

457 694 541 749 tura
569 675 616 749 sit
644 676 785 749 exitum
805 677 1060 777 pertimescit?
1270 708 1346 752 non
1352 686 1588 778 pertimescit
1598 678 1903 778 (contemptione,
1914 706 1989 753 non
2003 683 2082 754 ba-

1269 811 1400 886 bitura
1419 819 1472 885 sit
1492 819 1655 897 exitum,
1669 819 1904 910 pertimescit
1929 841 1959 885 c.
1982 838 2082 887 corr-

1269 947 1426 1043 temptio'
1448 974 1543 1029 nau,
1568 971 1677 1048 quem
1704 944 1893 1019 habitura
1908 953 1960 1019 sit
1985 953 2079 1019 exi·

1267 1097 1364 1163 trem,
1389 1085 1625 1178 pertimescit
1648 1094 1750 1152 recte
1778 1074 1830 1168 d.)

260 1258 280 1285 ,.
315 1204 389 1277 135.
443 1205 627 1277 Anciliam
1221 1214 1322 1295 =(c.
1347 1210 1517 1285 Aciliam
1543 1210 1597 1296 d.)

259 1391 280 1420 „
331 1380 381 1393 -
439 1337 603 1409 assecula
1218 1344 1367 1415 assecla
1396 1343 1492 1429 (cd.)

258 1524 279 1551 „
312 1476 388 1542 158.
442 1468 598 1542 invidias
1219 1479 1384 1548 iniurias
1405 1479 1454 1560 (e.
1486 1477 1648 1551 insidias
1674 1477 1731 1565 d.)

259 1657 282 1688 ‚,
314 1608 392 1694 its.
444 1600 672 1704 posteritatis
697 1601 834 1701 gloriae
1212 1613 1440 1703 posteritati
1459 1625 1497 1680 et
1517 1610 1671 1705 gloriae
1696 1612 1793 1698 (cd.)

256 1791 280 1819 „
314 1743 388 1833 ¹47·
442 1737 479 1807 P.
505 1735 666 1809 Lentulo
697 1735 849 1808 consule
1216 1738 1260 1811 P.
1281 1739 1466 1814 Lentulus
1487 1744 1622 1814 consul
1636 1741 1710 1831 (d.)
1730 1746 1775 1818 Ρ.
1797 1744 1960 1819 Lentulo
1978 1767 2075 1814 can-

1266 1875 1347 1946 sul’
1368 1877 1437 1960 (c.)

317 2147 320 2153 ,
353 2076 516 2148 Tametsi
533 2075 774 2148 electionum
789 2072 969 2145 varietate
984 2075 1100 2145 cnivis
1117 2073 1351 2137 manifestum
1366 2068 1430 2137 liet
1444 2067 1627 2169 cuiusque
1643 2068 1778 2144 harum
1796 2072 1910 2145 trium
1927 2072 2072 2147 editio-

254 2236 345 2279 num
368 2208 561 2303 propriam
583 2226 661 2271 esse
681 2201 881 2292 originem,
905 2209 1030 2266 tamen
1048 2192 1121 2267 hoc
1144 2221 1298 2297 quoque
1316 2197 1400 2269 loco
1420 2200 1597 2304 exemplis
1618 2202 1763 2303 aliquot
1780 2204 2072 2281 dilucidandum

254 2361 331 2408 esse
349 2331 459 2406 diseo.
511 2326 579 2401 Ed.
605 2325 640 2399 b.
666 2322 804 2399 exalia
825 2323 956 2399 codice
974 2352 1184 2429 expressam
1201 2354 1279 2402 esse
1298 2358 1411 2432 quam
1431 2330 1489 2406 cd.
1512 2333 1610 2406 inter
1627 2335 1717 2408 alios
1738 2334 1777 2407 hi
1799 2335 1938 2410 docent
1963 2338 2065 2426 loci,

255 2467 295 2539 in
324 2464 460 2566 quilius
487 2462 523 2535 lr.
547 2461 624 2535 sola
644 2457 761 2532 hahet
787 2476 929 2533 rectam
955 2461 1013 2531 rel
1034 2478 1135 2531 certe
1161 2459 1354 2533 meliorem
1376 2464 1602 2536 lectionem:
1635 2471 1734 2564 319.
1747 2469 2062 2563 fiuniliaritate,

253 2624 353 2701 ‹putc
384 2600 480 2671 mibi
499 2623 584 2671 cum
608 2613 724 2695 patre
754 2599 837 2663 eius
863 2601 966 2669 erat,
998 2586 1120 2660 firmat
1152 2591 1291 2664 honam
1324 2592 1502 2694 Madvigii
1536 2598 1812 2693 coniecturam3
1839 2628 1948 2703 ,quac
1975 2629 2065 2676 cum

240 2732 386 2830 fratre
415 2733 511 2803 mibi
538 2731 605 2801 ael
631 2750 714 2799 cztrn
738 2735 853 2812 patra
881 2724 963 2790 eius
990 2739 1079 2793 erat
1105 2750 1157 2797 ae.
1189 2751 1288 2826 quae
1312 2728 1407 2797 milti
1434 2731 1689 2826 cumfratre,
1714 2754 1799 2799 cum
1823 2749 1940 2825 patre
1972 2741 2062 2805 eius

255 2883 344 2937 erat
369 2862 404 2934 d.
436 2862 543 2951 354.
577 2862 677 2926 inter
708 2876 829 2924 meum
859 2853 1063 2928 discrimen
1092 2874 1127 2927 et
1157 2885 1266 2930 stetim
1291 2858 1481 2956 praedam
1510 2858 1546 2932 b.
1577 2866 1676 2933 inter
1703 2885 1824 2933 meum
1849 2860 2062 2936 discrimen

252 3013 291 3067 et
315 3019 448 3067 earum
469 2990 661 3090 praedam
685 2986 765 3061 aed.
798 2990 823 3079 3
848 2988 907 3078 64.
936 2991 974 3058 si
994 2996 1231 3061 coniuraveri
1252 2989 1288 3061 b.
1315 2997 1352 3063 si
1372 3018 1446 3091 quo
1474 2997 1618 3065 mareri
1634 2989 1715 3064 aed.
1747 2996 1773 3086 3
1804 2995 1862 3066 68.
1893 2994 2066 3068 decesse-

254 3145 320 3200 rat
352 3127 388 3201 b.
421 3126 656 3199 discesserat·
686 3118 764 3194 aed.
793 3120 818 3209 3
843 3118 901 3213 69.
935 3118 1176 3217 flagitabant
1204 3120 1240 3194 h.
1265 3121 1559 3218 stagnabantur
1585 3121 1664 3196 aed.
1694 3129 1719 3217 3
1749 3130 1805 3223 75.
1840 3132 2064 3223 scripsisset

249 3259 284 3332 b.
313 3266 528 3358 scripserat
551 3254 632 3329 aed.

350 3440 428 3512 Nec
456 3463 546 3511 vero
573 3437 809 3539 Hervagiana
839 3435 1017 3536 expressit
1044 3437 1306 3510 Ascensianam
1331 3439 1495 3524 tertiam,
1530 3437 1569 3510 id
1594 3439 1699 3540 quod
1715 3439 1873 3512 maxime
1897 3458 2059 3542 apparet

252 3572 293 3643 iis
319 3598 365 3644 ex
397 3571 505 3659 locis,
541 3570 609 3644 ubi
638 3570 842 3671 singulares
869 3570 1075 3672 llerragius
1104 3569 1220 3641 habet
1254 3596 1418 3655 errores,
1446 3572 1484 3641 in
1514 3597 1608 3670 quos
1635 3596 1746 3644 nemo
1773 3597 1943 3671 unquam
1964 3571 2059 3645 inci·

248 3704 388 3792 disset,
418 3704 449 3777 si
478 3702 742 3777 Asecnsianam
771 3720 935 3776 nostram
962 3721 1048 3777 atate
1087 3705 1214 3777 oculos
1231 3702 1455 3793 .habuisset;
1488 3729 1563 3803 quo
1590 3703 1630 3775 iu
1656 3730 1794 3804 genere
1818 3705 2059 3805 potissimum

253 3835 324 3911 liae
349 3837 500 3909 elucent
527 3832 785 3936 corruptelae:
812 3840 912 3929 340.
928 3834 1136 3933 putabant,
1166 3835 1362 3907 tribunum
1381 3836 1611 3933 popularem
1636 3866 1662 3909 a
1686 3862 1727 3910 se
1763 3838 1932 3909 alienari
1954 3837 2059 3907 uole-

255 3970 364 4054 bant,
383 3995 530 4072 suaque
547 3967 625 4041 sibi
642 3974 834 4066 propiora
853 3969 1030 4067 pericula
1052 3995 1134 4041 esse
1154 3995 1268 4071 quam
1286 3995 1368 4041 ntea
1387 3969 1646 4069 loquebantur
1663 3984 1766 4039 recte
1783 3967 1820 4038 b.
1838 3969 1980 4038 Contra
2000 3995 2029 4038 e.
2048 4001 2055 4038 ι

251 4105 448 4199 putabant
468 4092 616 4207 suaque
639 4141 692 4159 ·-
710 4142 761 4157 ·-
784 4098 1049 4202 loquebantur.
1084 4099 1296 4173 Tribunum
1317 4141 1368 4157 —
1387 4143 1438 4156 -
1460 4097 1651 4205 nolebant
1683 4100 1782 4197 §qli
1809 4104 1932 4171 virum
1953 4104 2050 4192 opti-

251 4261 368 4319 mum,
378 4237 645 4333 fortissimum
671 4237 816 4333 meique
833 4239 1135 4306 amantissimum
1159 4233 1196 4306 b.
1217 4233 1408 4341 Omittunt
1425 4258 1478 4307 ac.
1497 4232 1612 4307 verba
1616 4235 1721 4334 sart.
1742 4237 1886 4333 meique
1903 4248 2044 4303 aurant.

248 4372 274 4461 3
301 4371 359 4459 89.
390 4392 420 4437 c.
453 4367 590 4438 omittit
611 4394 698 4451 vn,
725 4390 822 4464 quae
850 4383 937 4439 sunt
962 4365 1003 4438 in
1020 4363 1056 4437 b.
1079 4392 1132 4437 an
1156 4390 1315 4436 causam
1334 4407 1385 4421 —
1404 4406 1456 4421 -
1480 4364 1588 4443 darni
1607 4369 1826 4436 contineret.
1850 4368 1875 4455 3
1895 4371 1954 4458 94.
1976 4364 2049 4432 bos

251 4508 307 4573 sie
334 4496 496 4573 illudere
525 4496 636 4591 <malo
663 4524 734 4599 pro
771 4494 940 4594 eludere)
972 4497 1008 4571 b,
1045 4499 1119 4569 boc
1147 4501 1203 4569 sic
1234 4495 1429 4600 includere
1458 4522 1487 4568 c.
1517 4500 1542 4588 3
1570 4514 1629 4592 99.
1664 4511 1846 4568 auctores
1882 4510 1985 4567 recte
2011 4493 2048 4566 b.

252 4648 403 4706 tutores
428 4659 458 4705 e.
488 4629 590 4725 (cum
619 4622 746 4720 Bern.)
776 4634 801 4722 3
833 4655 910 4702 101.
936 4632 1074 4704 desunt
1104 4629 1139 4701 b.
1166 4630 1346 4703 desinunt
1367 4654 1397 4700 c.
1421 4632 1446 4721 3
1478 4633 1554 4703 103.
1581 4654 1679 4730 quae
1702 4627 1875 4703 consulto
1904 4627 1940 4697 h.
1964 4650 2052 4696 eon-

249 4766 353 4836 suita
383 4792 412 4837 c.
447 4772 473 4858 3
514 4789 589 4838 roo.
623 4761 839 4835 horroribus
867 4768 1006 4834 summi
1039 4768 1128 4845 riri,
1163 4765 1202 4836 T.
1241 4762 1334 4856 (hoc
1359 4760 1482 4849 mate)
1512 4762 1703 4861 Philippi,
1736 4761 1877 4841 sitrici,
1896 4759 2050 4859 florere

250 4891 282 4962 b.
314 4895 532 4970 bonoribus
562 4899 604 4970 L.
629 4895 803 4992 Philippi
829 4901 969 4971 virtute
982 4896 1193 4999 florere-c.
1224 4893 1309 4987 (om.
1340 4921 1397 4965 vv.
1430 4902 1569 4967 summi
1590 4887 1688 4982 riri.)
1728 4894 1754 4983 3
1785 4895 1861 4963 118.
1888 4913 1933 4960 ne
1954 4888 2052 4957 illud

250 5025 401 5127 quidem
413 5035 724 5123 praetermittam
739 5029 775 5102 b.
795 5046 835 5105 et
851 5029 949 5101 illud
969 5028 1121 5139 quidem
1145 5053 1219 5098 non
1239 5054 1301 5123 pr.
1324 5053 1355 5098 c.
1380 5030 1406 5119 3
1428 5032 1504 5100 131.
1520 5028 1677 5122 patriae
1694 5021 1896 5096 dexteram
1917 5017 1953 5090 b.
1976 5047 2049 5114 pa-

251 5166 351 5233 triae
362 5166 652 5257 propugnatori
667 5162 871 5257 deaeteram
884 5188 915 5234 c.
939 5136 1014 5236 s'ed
1025 5163 1211 5235 Venetam
1228 5184 1394 5259 quoque,
1413 5182 1527 5257 quam
1537 5154 1811 5256 Naugerianam
1822 5150 1930 5253 volgo
1944 5165 2047 5224 recte

250 5290 462 5389 appellant,
486 5318 531 5366 ex
553 5288 700 5365 diversa
715 5290 874 5379 Codice,
898 5293 1119 5396 neutiquam
1141 5319 1187 5365 ex
1207 5290 1242 5365 b.
1258 5290 1318 5364 vel
1335 5317 1365 5365 c.
1389 5288 1623 5390 desumptam
1644 5309 1723 5359 esse
1741 5283 1907 5386 singulae
1927 5307 2047 5385 prope
