<?xml version="1.0" encoding="UTF-8"?>
<!DOCTYPE html PUBLIC "-//W3C//DTD XHTML 1.0 Transitional//EN"
    "http://www.w3.org/TR/xhtml1/DTD/xhtml1-transitional.dtd">
<html xmlns="http://www.w3.org/1999/xhtml" xml:lang="en" lang="en">
 <head>
  <title>
</title>
<meta http-equiv="Content-Type" content="text/html;charset=utf-8" />
  <meta name='ocr-system' content='tesseract 3.04.00' />
  <meta name='ocr-capabilities' content='ocr_page ocr_carea ocr_par ocr_line ocrx_word'/>
</head>
<body>
  <div class='ocr_page' id='page_1' title='image "./propsestioorati00orelgoog_0043.png"; bbox 0 0 4740 6068; ppageno 0'>
   <div class='ocr_carea' id='block_1_1' title="bbox 316 349 361 419">
    <p class='ocr_par' dir='ltr' id='par_1_1' title="bbox 316 349 361 419">
     <span class='ocr_line' id='line_1_1' title="bbox 316 349 361 419; baseline 0 0"><span class='ocrx_word' id='word_1_1' title='bbox 316 349 361 419; x_wconf 84' lang='grc'>26</span> 
     </span>
    </p>
   </div>
   <div class='ocr_carea' id='block_1_2' title="bbox 207 520 2115 4546">
    <p class='ocr_par' dir='ltr' id='par_1_2' title="bbox 312 520 2113 622">
     <span class='ocr_line' id='line_1_2' title="bbox 312 520 2113 622; baseline -0.001 -28"><span class='ocrx_word' id='word_1_2' title='bbox 312 539 378 609; x_wconf 89' lang='lat' dir='ltr'>est,</span> <span class='ocrx_word' id='word_1_3' title='bbox 403 525 543 606; x_wconf 88' lang='lat' dir='ltr'>iudicia,</span> <span class='ocrx_word' id='word_1_4' title='bbox 574 524 696 606; x_wconf 90' lang='lat' dir='ltr'>quibus</span> <span class='ocrx_word' id='word_1_5' title='bbox 726 521 903 589; x_wconf 81' lang='lat' dir='ltr'>omacius</span> <span class='ocrx_word' id='word_1_6' title='bbox 932 521 1129 586; x_wconf 88' lang='lat' dir='ltr'>continetur.</span> <span class='ocrx_word' id='word_1_7' title='bbox 1170 520 1299 586; x_wconf 83' lang='lat' dir='ltr'>Iudicia</span> <span class='ocrx_word' id='word_1_8' title='bbox 1325 520 1502 607; x_wconf 84' lang='lat' dir='ltr'>displicent</span> <span class='ocrx_word' id='word_1_9' title='bbox 1520 534 1577 588; x_wconf 88' lang='lat' dir='ltr'>aut</span> <span class='ocrx_word' id='word_1_10' title='bbox 1595 523 1688 588; x_wconf 89' lang='lat' dir='ltr'>nulla</span> <span class='ocrx_word' id='word_1_11' title='bbox 1709 527 1811 622; x_wconf 78' lang='lat' dir='ltr'>sunt?</span> <span class='ocrx_word' id='word_1_12' title='bbox 1842 527 1900 592; x_wconf 88' lang='lat' dir='ltr'>Vis</span> <span class='ocrx_word' id='word_1_13' title='bbox 1921 529 2113 593; x_wconf 89' lang='lat' dir='ltr'>dominetur</span> 
     </span>
    </p>

    <p class='ocr_par' dir='ltr' id='par_1_3' title="bbox 207 625 2112 714">
     <span class='ocr_line' id='line_1_3' title="bbox 207 625 2112 714; baseline 0.001 -16"><span class='ocrx_word' id='word_1_14' title='bbox 207 658 216 681; x_wconf 68' lang='lat'>⁸</span> <span class='ocrx_word' id='word_1_15' title='bbox 311 652 445 698; x_wconf 84' lang='lat' dir='ltr'>neeesse</span> <span class='ocrx_word' id='word_1_16' title='bbox 465 641 524 697; x_wconf 87' lang='lat' dir='ltr'>eat.</span> <span class='ocrx_word' id='word_1_17' title='bbox 566 632 657 692; x_wconf 88' lang='lat' dir='ltr'>Haec</span> <span class='ocrx_word' id='word_1_18' title='bbox 684 627 800 692; x_wconf 79' lang='lat' dir='ltr'>vident</span> <span class='ocrx_word' id='word_1_19' title='bbox 826 646 961 690; x_wconf 83' lang='lat' dir='ltr'>omnes:</span> <span class='ocrx_word' id='word_1_20' title='bbox 994 625 1077 690; x_wconf 79' lang='lat' dir='ltr'>stilo</span> <span class='ocrx_word' id='word_1_21' title='bbox 1104 634 1137 689; x_wconf 92' lang='lat' dir='ltr'>et</span> <span class='ocrx_word' id='word_1_22' title='bbox 1163 625 1248 689; x_wconf 78' lang='lat' dir='ltr'>vidit</span> <span class='ocrx_word' id='word_1_23' title='bbox 1274 625 1422 710; x_wconf 83' lang='lat' dir='ltr'>etfacit,</span> <span class='ocrx_word' id='word_1_24' title='bbox 1448 638 1485 694; x_wconf 88' lang='lat' dir='ltr'>ut</span> <span class='ocrx_word' id='word_1_25' title='bbox 1502 628 1555 692; x_wconf 90' lang='lat' dir='ltr'>ius</span> <span class='ocrx_word' id='word_1_26' title='bbox 1576 628 1799 713; x_wconf 73' lang='lat' dir='ltr'>experiretur,</span> <span class='ocrx_word' id='word_1_27' title='bbox 1828 631 1897 695; x_wconf 84' lang='lat' dir='ltr'>rim</span> <span class='ocrx_word' id='word_1_28' title='bbox 1918 635 2112 714; x_wconf 87' lang='lat' dir='ltr'>depelleret.</span> 
     </span>
    </p>

    <p class='ocr_par' dir='ltr' id='par_1_4' title="bbox 311 730 2113 816">
     <span class='ocr_line' id='line_1_4' title="bbox 311 730 2113 816; baseline 0.001 -14"><span class='ocrx_word' id='word_1_29' title='bbox 311 741 424 802; x_wconf 79' lang='lat' dir='ltr'>Altero</span> <span class='ocrx_word' id='word_1_30' title='bbox 444 736 494 798; x_wconf 89' lang='lat' dir='ltr'>uti</span> <span class='ocrx_word' id='word_1_31' title='bbox 513 734 636 816; x_wconf 81' lang='lat' dir='ltr'>voluit,</span> <span class='ocrx_word' id='word_1_32' title='bbox 658 742 695 796; x_wconf 88' lang='lat' dir='ltr'>ut</span> <span class='ocrx_word' id='word_1_33' title='bbox 715 733 818 796; x_wconf 83' lang='lat' dir='ltr'>virtus</span> <span class='ocrx_word' id='word_1_34' title='bbox 838 730 1009 795; x_wconf 88' lang='lat' dir='ltr'>audaciam</span> <span class='ocrx_word' id='word_1_35' title='bbox 1030 730 1192 807; x_wconf 76' lang='lat' dir='ltr'>vinceret3</span> <span class='ocrx_word' id='word_1_36' title='bbox 1219 731 1325 794; x_wconf 88' lang='lat' dir='ltr'>altero</span> <span class='ocrx_word' id='word_1_37' title='bbox 1343 752 1423 796; x_wconf 91' lang='lat' dir='ltr'>usus</span> <span class='ocrx_word' id='word_1_38' title='bbox 1443 733 1627 800; x_wconf 81' lang='lat' dir='ltr'>necessario</span> <span class='ocrx_word' id='word_1_39' title='bbox 1646 745 1710 816; x_wconf 88' lang='lat' dir='ltr'>est,</span> <span class='ocrx_word' id='word_1_40' title='bbox 1729 756 1774 798; x_wconf 90' lang='lat' dir='ltr'>ne</span> <span class='ocrx_word' id='word_1_41' title='bbox 1794 736 1898 799; x_wconf 79' lang='lat' dir='ltr'>virtus</span> <span class='ocrx_word' id='word_1_42' title='bbox 1917 739 1960 798; x_wconf 85' lang='lat' dir='ltr'>ab</span> <span class='ocrx_word' id='word_1_43' title='bbox 1974 740 2113 803; x_wconf 84' lang='lat' dir='ltr'>audacia</span> 
     </span>
    </p>

    <p class='ocr_par' dir='ltr' id='par_1_5' title="bbox 311 834 2115 923">
     <span class='ocr_line' id='line_1_5' title="bbox 311 834 2115 923; baseline 0.001 -19"><span class='ocrx_word' id='word_1_44' title='bbox 311 842 507 905; x_wconf 76' lang='lat' dir='ltr'>vinceretur.</span> <span class='ocrx_word' id='word_1_45' title='bbox 547 842 735 921; x_wconf 57' lang='lat' dir='ltr'>&amp;demque</span> <span class='ocrx_word' id='word_1_46' title='bbox 761 837 845 901; x_wconf 87' lang='lat' dir='ltr'>ratio</span> <span class='ocrx_word' id='word_1_47' title='bbox 875 836 938 899; x_wconf 82' lang='lat' dir='ltr'>tuit</span> <span class='ocrx_word' id='word_1_48' title='bbox 961 835 1064 916; x_wconf 88' lang='lat' dir='ltr'>Sesti,</span> <span class='ocrx_word' id='word_1_49' title='bbox 1089 834 1120 898; x_wconf 89' lang='lat' dir='ltr'>si</span> <span class='ocrx_word' id='word_1_50' title='bbox 1139 835 1250 898; x_wconf 90' lang='lat' dir='ltr'>minus</span> <span class='ocrx_word' id='word_1_51' title='bbox 1278 835 1315 898; x_wconf 92' lang='lat' dir='ltr'>in</span> <span class='ocrx_word' id='word_1_52' title='bbox 1340 839 1548 920; x_wconf 88' lang='lat' dir='ltr'>accusando,</span> <span class='ocrx_word' id='word_1_53' title='bbox 1571 842 1696 920; x_wconf 89' lang='lat' dir='ltr'>(neque</span> <span class='ocrx_word' id='word_1_54' title='bbox 1721 841 1809 903; x_wconf 87' lang='lat' dir='ltr'>enim</span> <span class='ocrx_word' id='word_1_55' title='bbox 1829 862 1891 923; x_wconf 91' lang='lat' dir='ltr'>per</span> <span class='ocrx_word' id='word_1_56' title='bbox 1912 861 2029 906; x_wconf 89' lang='lat' dir='ltr'>omnes</span> <span class='ocrx_word' id='word_1_57' title='bbox 2049 842 2115 906; x_wconf 85' lang='lat' dir='ltr'>fuit</span> 
     </span>
    </p>

    <p class='ocr_par' dir='ltr' id='par_1_6' title="bbox 275 938 2113 1132">
     <span class='ocr_line' id='line_1_6' title="bbox 275 938 2113 1027; baseline 0.001 -18"><span class='ocrx_word' id='word_1_58' title='bbox 275 944 296 1009; x_wconf 87' lang='grc'>5</span> <span class='ocrx_word' id='word_1_59' title='bbox 315 947 405 1009; x_wconf 90' lang='lat' dir='ltr'>idem</span> <span class='ocrx_word' id='word_1_60' title='bbox 423 945 496 1008; x_wconf 85' lang='lat' dir='ltr'>fieri</span> <span class='ocrx_word' id='word_1_61' title='bbox 515 947 681 1027; x_wconf 87' lang='lat' dir='ltr'>necesse,)</span> <span class='ocrx_word' id='word_1_62' title='bbox 702 952 737 1008; x_wconf 91' lang='lat' dir='ltr'>at</span> <span class='ocrx_word' id='word_1_63' title='bbox 759 951 846 1007; x_wconf 88' lang='lat' dir='ltr'>certe</span> <span class='ocrx_word' id='word_1_64' title='bbox 873 941 910 1007; x_wconf 88' lang='lat' dir='ltr'>in</span> <span class='ocrx_word' id='word_1_65' title='bbox 937 939 1130 1005; x_wconf 69' lang='lat' dir='ltr'>necessitate</span> <span class='ocrx_word' id='word_1_66' title='bbox 1156 938 1384 1005; x_wconf 80' lang='lat' dir='ltr'>defendendae</span> <span class='ocrx_word' id='word_1_67' title='bbox 1410 943 1525 1007; x_wconf 88' lang='lat' dir='ltr'>salutis</span> <span class='ocrx_word' id='word_1_68' title='bbox 1550 962 1630 1009; x_wconf 89' lang='lat' dir='ltr'>suae</span> <span class='ocrx_word' id='word_1_69' title='bbox 1654 943 1888 1026; x_wconf 88' lang='lat' dir='ltr'>praesidioque</span> <span class='ocrx_word' id='word_1_70' title='bbox 1908 956 2022 1009; x_wconf 89' lang='lat' dir='ltr'>contra</span> <span class='ocrx_word' id='word_1_71' title='bbox 2042 947 2113 1011; x_wconf 83' lang='lat' dir='ltr'>vim</span> 
     </span>
     <span class='ocr_line' id='line_1_7' title="bbox 314 1051 752 1132; baseline -0.014 -15"><span class='ocrx_word' id='word_1_72' title='bbox 314 1062 345 1117; x_wconf 91' lang='lat' dir='ltr'>et</span> <span class='ocrx_word' id='word_1_73' title='bbox 364 1073 499 1115; x_wconf 90' lang='lat' dir='ltr'>manum</span> <span class='ocrx_word' id='word_1_74' title='bbox 520 1051 752 1132; x_wconf 87' lang='lat' dir='ltr'>comparando.</span> 
     </span>
    </p>

    <p class='ocr_par' dir='ltr' id='par_1_7' title="bbox 313 1149 2113 1449">
     <span class='ocr_line' id='line_1_8' title="bbox 392 1149 2110 1238; baseline 0.001 -19"><span class='ocrx_word' id='word_1_75' title='bbox 392 1157 518 1219; x_wconf 82' lang='lat' dir='ltr'>XLIII.</span> <span class='ocrx_word' id='word_1_76' title='bbox 559 1160 610 1235; x_wconf 80' lang='lat'>9³.</span> <span class='ocrx_word' id='word_1_77' title='bbox 629 1156 659 1216; x_wconf 95' lang='lat' dir='ltr'>O</span> <span class='ocrx_word' id='word_1_78' title='bbox 679 1153 728 1216; x_wconf 90' lang='lat' dir='ltr'>dii</span> <span class='ocrx_word' id='word_1_79' title='bbox 746 1153 968 1216; x_wconf 79' lang='lat' dir='ltr'>immortales!</span> <span class='ocrx_word' id='word_1_80' title='bbox 989 1171 1169 1232; x_wconf 85' lang='lat' dir='ltr'>quemnam</span> <span class='ocrx_word' id='word_1_81' title='bbox 1190 1149 1362 1215; x_wconf 67' lang='lat' dir='ltr'>ostenditis</span> <span class='ocrx_word' id='word_1_82' title='bbox 1383 1150 1509 1216; x_wconf 88' lang='lat' dir='ltr'>exitum</span> <span class='ocrx_word' id='word_1_83' title='bbox 1527 1152 1650 1218; x_wconf 79' lang='lat' dir='ltr'>nobis?</span> <span class='ocrx_word' id='word_1_84' title='bbox 1671 1175 1770 1234; x_wconf 90' lang='lat' dir='ltr'>quam</span> <span class='ocrx_word' id='word_1_85' title='bbox 1784 1175 1879 1236; x_wconf 89' lang='lat' dir='ltr'>spem</span> <span class='ocrx_word' id='word_1_86' title='bbox 1893 1154 1944 1218; x_wconf 91' lang='lat' dir='ltr'>rei</span> <span class='ocrx_word' id='word_1_87' title='bbox 1956 1157 2110 1238; x_wconf 81' lang='lat' dir='ltr'>publicae</span> 
     </span>
     <span class='ocr_line' id='line_1_9' title="bbox 313 1253 2113 1343; baseline 0.001 -19"><span class='ocrx_word' id='word_1_88' title='bbox 313 1261 416 1325; x_wconf 83' lang='lat' dir='ltr'>datis?</span> <span class='ocrx_word' id='word_1_89' title='bbox 435 1271 558 1342; x_wconf 89' lang='lat' dir='ltr'>quotus</span> <span class='ocrx_word' id='word_1_90' title='bbox 580 1259 723 1340; x_wconf 88' lang='lat' dir='ltr'>quisque</span> <span class='ocrx_word' id='word_1_91' title='bbox 740 1255 929 1319; x_wconf 87' lang='lat' dir='ltr'>invenietur</span> <span class='ocrx_word' id='word_1_92' title='bbox 947 1264 1038 1318; x_wconf 88' lang='lat' dir='ltr'>tanta</span> <span class='ocrx_word' id='word_1_93' title='bbox 1056 1255 1179 1319; x_wconf 78' lang='lat' dir='ltr'>virtute</span> <span class='ocrx_word' id='word_1_94' title='bbox 1198 1253 1262 1333; x_wconf 85' lang='lat' dir='ltr'>vir,</span> <span class='ocrx_word' id='word_1_95' title='bbox 1283 1254 1342 1334; x_wconf 89' lang='lat' dir='ltr'>qui</span> <span class='ocrx_word' id='word_1_96' title='bbox 1362 1265 1535 1337; x_wconf 88' lang='lat' dir='ltr'>optumam</span> <span class='ocrx_word' id='word_1_97' title='bbox 1555 1279 1724 1340; x_wconf 85' lang='lat' dir='ltr'>quamque</span> <span class='ocrx_word' id='word_1_98' title='bbox 1743 1280 1875 1323; x_wconf 84' lang='lat' dir='ltr'>causam</span> <span class='ocrx_word' id='word_1_99' title='bbox 1895 1260 2113 1343; x_wconf 86' lang='lat' dir='ltr'>reipublicae</span> 
     </span>
     <span class='ocr_line' id='line_1_10' title="bbox 315 1358 2111 1449; baseline -0.001 -19"><span class='ocrx_word' id='word_1_100' title='bbox 315 1369 551 1449; x_wconf 83' lang='lat' dir='ltr'>amplectatur,</span> <span class='ocrx_word' id='word_1_101' title='bbox 570 1366 630 1444; x_wconf 92' lang='lat' dir='ltr'>qui</span> <span class='ocrx_word' id='word_1_102' title='bbox 649 1361 746 1425; x_wconf 89' lang='lat' dir='ltr'>bonis</span> <span class='ocrx_word' id='word_1_103' title='bbox 767 1361 846 1424; x_wconf 78' lang='lat' dir='ltr'>viris</span> <span class='ocrx_word' id='word_1_104' title='bbox 866 1360 1047 1442; x_wconf 79' lang='lat' dir='ltr'>deserviat,</span> <span class='ocrx_word' id='word_1_105' title='bbox 1068 1361 1128 1443; x_wconf 90' lang='lat' dir='ltr'>qui</span> <span class='ocrx_word' id='word_1_106' title='bbox 1145 1358 1290 1425; x_wconf 89' lang='lat' dir='ltr'>solidam</span> <span class='ocrx_word' id='word_1_107' title='bbox 1308 1361 1438 1424; x_wconf 89' lang='lat' dir='ltr'>laudem</span> <span class='ocrx_word' id='word_1_108' title='bbox 1459 1382 1639 1442; x_wconf 82' lang='lat' dir='ltr'>veramque</span> <span class='ocrx_word' id='word_1_109' title='bbox 1660 1366 1822 1445; x_wconf 81' lang='lat' dir='ltr'>quaerat?</span> <span class='ocrx_word' id='word_1_110' title='bbox 1841 1385 1918 1428; x_wconf 90' lang='lat' dir='ltr'>cum</span> <span class='ocrx_word' id='word_1_111' title='bbox 1938 1364 2018 1428; x_wconf 87' lang='lat' dir='ltr'>sciat</span> <span class='ocrx_word' id='word_1_112' title='bbox 2040 1369 2111 1429; x_wconf 92' lang='lat' dir='ltr'>duo</span> 
     </span>
    </p>

    <p class='ocr_par' dir='ltr' id='par_1_8' title="bbox 231 1464 2115 4546">
     <span class='ocr_line' id='line_1_11' title="bbox 256 1464 2113 1551; baseline 0.001 -19"><span class='ocrx_word' id='word_1_113' title='bbox 256 1467 375 1533; x_wconf 76' lang='lat' dir='ltr'>touta</span> <span class='ocrx_word' id='word_1_114' title='bbox 392 1471 443 1534; x_wconf 92' lang='lat' dir='ltr'>rei</span> <span class='ocrx_word' id='word_1_115' title='bbox 460 1469 615 1551; x_wconf 87' lang='lat' dir='ltr'>publicae</span> <span class='ocrx_word' id='word_1_116' title='bbox 633 1486 740 1548; x_wconf 89' lang='lat' dir='ltr'>paene</span> <span class='ocrx_word' id='word_1_117' title='bbox 765 1466 849 1547; x_wconf 81' lang='lat' dir='ltr'>fata,</span> <span class='ocrx_word' id='word_1_118' title='bbox 877 1466 1056 1529; x_wconf 89' lang='lat' dir='ltr'>Gabinium</span> <span class='ocrx_word' id='word_1_119' title='bbox 1084 1477 1117 1529; x_wconf 92' lang='lat' dir='ltr'>et</span> <span class='ocrx_word' id='word_1_120' title='bbox 1145 1465 1319 1546; x_wconf 85' lang='lat' dir='ltr'>Pisonem,</span> <span class='ocrx_word' id='word_1_121' title='bbox 1345 1464 1482 1528; x_wconf 90' lang='lat' dir='ltr'>alterum</span> <span class='ocrx_word' id='word_1_122' title='bbox 1510 1465 1644 1531; x_wconf 87' lang='lat' dir='ltr'>haurire</span> <span class='ocrx_word' id='word_1_123' title='bbox 1673 1468 1796 1534; x_wconf 86' lang='lat' dir='ltr'>cotidie</span> <span class='ocrx_word' id='word_1_124' title='bbox 1821 1489 1862 1533; x_wconf 83' lang='lat' dir='ltr'>ex</span> <span class='ocrx_word' id='word_1_125' title='bbox 1882 1468 2113 1551; x_wconf 83' lang='lat' dir='ltr'>pacatissumis</span> 
     </span>
     <span class='ocr_line' id='line_1_12' title="bbox 313 1568 2112 1656; baseline -0.002 -20"><span class='ocrx_word' id='word_1_126' title='bbox 313 1584 413 1653; x_wconf 90' lang='lat' dir='ltr'>atque</span> <span class='ocrx_word' id='word_1_127' title='bbox 431 1570 703 1654; x_wconf 88' lang='lat' dir='ltr'>opulentissumis</span> <span class='ocrx_word' id='word_1_128' title='bbox 723 1570 837 1653; x_wconf 78' lang='lat' dir='ltr'>Syriae</span> <span class='ocrx_word' id='word_1_129' title='bbox 856 1571 943 1656; x_wconf 79' lang='lat' dir='ltr'>garis</span> <span class='ocrx_word' id='word_1_130' title='bbox 962 1569 1205 1634; x_wconf 90' lang='lat' dir='ltr'>innumerabile</span> <span class='ocrx_word' id='word_1_131' title='bbox 1223 1570 1357 1652; x_wconf 90' lang='lat' dir='ltr'>pondus</span> <span class='ocrx_word' id='word_1_132' title='bbox 1377 1568 1467 1648; x_wconf 79' lang='lat' dir='ltr'>auri3</span> <span class='ocrx_word' id='word_1_133' title='bbox 1493 1570 1617 1635; x_wconf 86' lang='lat' dir='ltr'>bellum</span> <span class='ocrx_word' id='word_1_134' title='bbox 1637 1569 1762 1635; x_wconf 79' lang='lat' dir='ltr'>inferre</span> <span class='ocrx_word' id='word_1_135' title='bbox 1782 1571 2048 1652; x_wconf 84' lang='lat' dir='ltr'>quiescentibus,</span> <span class='ocrx_word' id='word_1_136' title='bbox 2073 1584 2112 1633; x_wconf 87' lang='lat' dir='ltr'>ut</span> 
     </span>
     <span class='ocr_line' id='line_1_13' title="bbox 313 1671 2110 1763; baseline -0.001 -23"><span class='ocrx_word' id='word_1_137' title='bbox 313 1696 433 1741; x_wconf 90' lang='lat' dir='ltr'>eorum</span> <span class='ocrx_word' id='word_1_138' title='bbox 453 1685 579 1739; x_wconf 81' lang='lat' dir='ltr'>veteres</span> <span class='ocrx_word' id='word_1_139' title='bbox 599 1675 811 1763; x_wconf 89' lang='lat' dir='ltr'>illibatasque</span> <span class='ocrx_word' id='word_1_140' title='bbox 831 1673 961 1737; x_wconf 87' lang='lat' dir='ltr'>divitias</span> <span class='ocrx_word' id='word_1_141' title='bbox 979 1673 1016 1736; x_wconf 91' lang='lat' dir='ltr'>in</span> <span class='ocrx_word' id='word_1_142' title='bbox 1033 1674 1346 1756; x_wconf 80' lang='lat' dir='ltr'>profundissumum</span> <span class='ocrx_word' id='word_1_143' title='bbox 1367 1671 1545 1739; x_wconf 87' lang='lat' dir='ltr'>libidinum</span> <span class='ocrx_word' id='word_1_144' title='bbox 1565 1694 1703 1738; x_wconf 87' lang='lat' dir='ltr'>suarum</span> <span class='ocrx_word' id='word_1_145' title='bbox 1722 1676 1892 1760; x_wconf 74' lang='lat' dir='ltr'>gurgitem</span> <span class='ocrx_word' id='word_1_146' title='bbox 1910 1675 2110 1759; x_wconf 54' lang='lat' dir='ltr'>profundam</span> 
     </span>
     <span class='ocr_line' id='line_1_14' title="bbox 314 1777 2115 1865; baseline 0.001 -22"><span class='ocrx_word' id='word_1_147' title='bbox 314 1782 427 1843; x_wconf 83' lang='lat' dir='ltr'>villam</span> <span class='ocrx_word' id='word_1_148' title='bbox 448 1779 621 1865; x_wconf 73' lang='lat' dir='ltr'>aedificare</span> <span class='ocrx_word' id='word_1_149' title='bbox 639 1779 676 1841; x_wconf 89' lang='lat' dir='ltr'>in</span> <span class='ocrx_word' id='word_1_150' title='bbox 696 1778 803 1843; x_wconf 91' lang='lat' dir='ltr'>oculis</span> <span class='ocrx_word' id='word_1_151' title='bbox 824 1777 974 1841; x_wconf 90' lang='lat' dir='ltr'>omnium</span> <span class='ocrx_word' id='word_1_152' title='bbox 995 1788 1134 1859; x_wconf 89' lang='lat' dir='ltr'>tantam,</span> <span class='ocrx_word' id='word_1_153' title='bbox 1154 1778 1321 1864; x_wconf 82' lang='lat' dir='ltr'>tugurium</span> <span class='ocrx_word' id='word_1_154' title='bbox 1340 1789 1377 1842; x_wconf 89' lang='lat' dir='ltr'>ut</span> <span class='ocrx_word' id='word_1_155' title='bbox 1397 1778 1465 1843; x_wconf 91' lang='lat' dir='ltr'>iam</span> <span class='ocrx_word' id='word_1_156' title='bbox 1484 1779 1636 1847; x_wconf 78' lang='lat' dir='ltr'>uideatur</span> <span class='ocrx_word' id='word_1_157' title='bbox 1648 1800 1721 1845; x_wconf 88' lang='lat' dir='ltr'>esse</span> <span class='ocrx_word' id='word_1_158' title='bbox 1733 1781 1792 1844; x_wconf 90' lang='lat' dir='ltr'>illa</span> <span class='ocrx_word' id='word_1_159' title='bbox 1805 1780 1901 1863; x_wconf 86' lang='lat' dir='ltr'>villa,</span> <span class='ocrx_word' id='word_1_160' title='bbox 1923 1800 2025 1862; x_wconf 91' lang='lat' dir='ltr'>quam</span> <span class='ocrx_word' id='word_1_161' title='bbox 2039 1783 2115 1865; x_wconf 89' lang='lat' dir='ltr'>ipse</span> 
     </span>
     <span class='ocr_line' id='line_1_15' title="bbox 311 1882 2112 1967; baseline 0.001 -22"><span class='ocrx_word' id='word_1_162' title='bbox 311 1882 465 1947; x_wconf 87' lang='lat' dir='ltr'>tribunus</span> <span class='ocrx_word' id='word_1_163' title='bbox 489 1885 536 1966; x_wconf 92' lang='lat' dir='ltr'>pl.</span> <span class='ocrx_word' id='word_1_164' title='bbox 563 1883 682 1966; x_wconf 78' lang='lat' dir='ltr'>pictam</span> <span class='ocrx_word' id='word_1_165' title='bbox 707 1883 789 1947; x_wconf 93' lang='lat' dir='ltr'>olim</span> <span class='ocrx_word' id='word_1_166' title='bbox 816 1885 852 1947; x_wconf 90' lang='lat' dir='ltr'>in</span> <span class='ocrx_word' id='word_1_167' title='bbox 879 1882 1091 1948; x_wconf 90' lang='lat' dir='ltr'>contionibus</span> <span class='ocrx_word' id='word_1_168' title='bbox 1120 1883 1326 1967; x_wconf 86' lang='lat' dir='ltr'>explicabat,</span> <span class='ocrx_word' id='word_1_169' title='bbox 1352 1903 1421 1964; x_wconf 89' lang='lat' dir='ltr'>quo</span> <span class='ocrx_word' id='word_1_170' title='bbox 1447 1883 1677 1949; x_wconf 87' lang='lat' dir='ltr'>fortissumum</span> <span class='ocrx_word' id='word_1_171' title='bbox 1701 1906 1740 1948; x_wconf 90' lang='lat' dir='ltr'>ac</span> <span class='ocrx_word' id='word_1_172' title='bbox 1759 1905 1928 1949; x_wconf 93' lang='lat' dir='ltr'>summum</span> <span class='ocrx_word' id='word_1_173' title='bbox 1949 1886 2056 1949; x_wconf 78' lang='lat' dir='ltr'>civem</span> <span class='ocrx_word' id='word_1_174' title='bbox 2076 1887 2112 1949; x_wconf 90' lang='lat' dir='ltr'>in</span> 
     </span>
     <span class='ocr_line' id='line_1_16' title="bbox 257 1987 2111 2071; baseline 0 -18"><span class='ocrx_word' id='word_1_175' title='bbox 257 1988 296 2053; x_wconf 85' lang='lat'>15</span> <span class='ocrx_word' id='word_1_176' title='bbox 316 1988 476 2052; x_wconf 79' lang='lat' dir='ltr'>invidiam</span> <span class='ocrx_word' id='word_1_177' title='bbox 506 1991 610 2053; x_wconf 92' lang='lat' dir='ltr'>homo</span> <span class='ocrx_word' id='word_1_178' title='bbox 640 1997 748 2052; x_wconf 88' lang='lat' dir='ltr'>castus</span> <span class='ocrx_word' id='word_1_179' title='bbox 775 2008 815 2051; x_wconf 89' lang='lat' dir='ltr'>ac</span> <span class='ocrx_word' id='word_1_180' title='bbox 839 2007 910 2050; x_wconf 91' lang='lat' dir='ltr'>non</span> <span class='ocrx_word' id='word_1_181' title='bbox 939 1987 1079 2071; x_wconf 91' lang='lat' dir='ltr'>cupidus</span> <span class='ocrx_word' id='word_1_182' title='bbox 1104 1998 1257 2050; x_wconf 84' lang='lat' dir='ltr'>vocaret:</span> <span class='ocrx_word' id='word_1_183' title='bbox 1289 2010 1339 2068; x_wconf 74' lang='lat'>94.</span> <span class='ocrx_word' id='word_1_184' title='bbox 1364 1989 1505 2050; x_wconf 86' lang='lat' dir='ltr'>alterum</span> <span class='ocrx_word' id='word_1_185' title='bbox 1524 1989 1703 2051; x_wconf 85' lang='lat' dir='ltr'>Thracibus</span> <span class='ocrx_word' id='word_1_186' title='bbox 1725 2011 1764 2051; x_wconf 91' lang='lat' dir='ltr'>ae</span> <span class='ocrx_word' id='word_1_187' title='bbox 1782 1991 1945 2051; x_wconf 87' lang='lat' dir='ltr'>Dardanis</span> <span class='ocrx_word' id='word_1_188' title='bbox 1967 1992 2111 2070; x_wconf 90' lang='lat' dir='ltr'>primum</span> 
     </span>
     <span class='ocr_line' id='line_1_17' title="bbox 312 2083 2111 2177; baseline -0.001 -21"><span class='ocrx_word' id='word_1_189' title='bbox 312 2114 429 2177; x_wconf 85' lang='lat' dir='ltr'>pacem</span> <span class='ocrx_word' id='word_1_190' title='bbox 449 2114 603 2157; x_wconf 85' lang='lat' dir='ltr'>maxuma</span> <span class='ocrx_word' id='word_1_191' title='bbox 623 2093 766 2175; x_wconf 89' lang='lat' dir='ltr'>pecunia</span> <span class='ocrx_word' id='word_1_192' title='bbox 785 2093 994 2172; x_wconf 82' lang='lat' dir='ltr'>vendidisse3</span> <span class='ocrx_word' id='word_1_193' title='bbox 1024 2091 1163 2167; x_wconf 91' lang='lat' dir='ltr'>deinde,</span> <span class='ocrx_word' id='word_1_194' title='bbox 1182 2098 1219 2150; x_wconf 91' lang='lat' dir='ltr'>ut</span> <span class='ocrx_word' id='word_1_195' title='bbox 1237 2089 1289 2148; x_wconf 88' lang='lat' dir='ltr'>illi</span> <span class='ocrx_word' id='word_1_196' title='bbox 1307 2083 1485 2160; x_wconf 81' lang='lat' dir='ltr'>pecuniam</span> <span class='ocrx_word' id='word_1_197' title='bbox 1506 2084 1669 2146; x_wconf 89' lang='lat' dir='ltr'>conficere</span> <span class='ocrx_word' id='word_1_198' title='bbox 1689 2095 1845 2166; x_wconf 86' lang='lat' dir='ltr'>possent,</span> <span class='ocrx_word' id='word_1_199' title='bbox 1864 2093 2048 2153; x_wconf 81' lang='lat' dir='ltr'>vexandam</span> <span class='ocrx_word' id='word_1_200' title='bbox 2069 2092 2111 2154; x_wconf 89' lang='lat' dir='ltr'>iis</span> 
     </span>
     <span class='ocr_line' id='line_1_18' title="bbox 312 2185 2110 2278; baseline 0.002 -22"><span class='ocrx_word' id='word_1_201' title='bbox 312 2200 544 2262; x_wconf 77' lang='lat' dir='ltr'>Macedoniam</span> <span class='ocrx_word' id='word_1_202' title='bbox 565 2208 598 2261; x_wconf 83' lang='lat' dir='ltr'>et</span> <span class='ocrx_word' id='word_1_203' title='bbox 617 2199 827 2278; x_wconf 85' lang='lat' dir='ltr'>spoliandam</span> <span class='ocrx_word' id='word_1_204' title='bbox 848 2196 1038 2263; x_wconf 61' lang='lat' dir='ltr'>tradidiqffl</span> <span class='ocrx_word' id='word_1_205' title='bbox 1056 2185 1268 2262; x_wconf 83' lang='lat' dir='ltr'>eundemque</span> <span class='ocrx_word' id='word_1_206' title='bbox 1285 2185 1377 2245; x_wconf 91' lang='lat' dir='ltr'>bona</span> <span class='ocrx_word' id='word_1_207' title='bbox 1390 2186 1608 2268; x_wconf 89' lang='lat' dir='ltr'>creditorum,</span> <span class='ocrx_word' id='word_1_208' title='bbox 1628 2187 1749 2250; x_wconf 87' lang='lat' dir='ltr'>civium</span> <span class='ocrx_word' id='word_1_209' title='bbox 1765 2192 2012 2272; x_wconf 82' lang='lat' dir='ltr'>Romanorum,</span> <span class='ocrx_word' id='word_1_210' title='bbox 2033 2218 2110 2260; x_wconf 87' lang='lat' dir='ltr'>eum</span> 
     </span>
     <span class='ocr_line' id='line_1_19' title="bbox 313 2285 2111 2383; baseline 0.002 -24"><span class='ocrx_word' id='word_1_211' title='bbox 313 2300 519 2359; x_wconf 81' lang='lat' dir='ltr'>debitoribus</span> <span class='ocrx_word' id='word_1_212' title='bbox 540 2297 674 2353; x_wconf 74' lang='lat' dir='ltr'>Graecis</span> <span class='ocrx_word' id='word_1_213' title='bbox 698 2285 866 2365; x_wconf 76' lang='lat' dir='ltr'>divisisse3</span> <span class='ocrx_word' id='word_1_214' title='bbox 893 2305 1012 2368; x_wconf 84' lang='lat' dir='ltr'>cogere</span> <span class='ocrx_word' id='word_1_215' title='bbox 1039 2287 1197 2369; x_wconf 85' lang='lat' dir='ltr'>pecunias</span> <span class='ocrx_word' id='word_1_216' title='bbox 1226 2306 1398 2351; x_wconf 86' lang='lat' dir='ltr'>maxumas</span> <span class='ocrx_word' id='word_1_217' title='bbox 1417 2309 1439 2351; x_wconf 92' lang='lat' dir='ltr'>a</span> <span class='ocrx_word' id='word_1_218' title='bbox 1456 2292 1718 2373; x_wconf 85' lang='lat' dir='ltr'>Dyrrhachinis,</span> <span class='ocrx_word' id='word_1_219' title='bbox 1743 2294 1889 2375; x_wconf 87' lang='lat' dir='ltr'>spoliare</span> <span class='ocrx_word' id='word_1_220' title='bbox 1910 2299 2111 2383; x_wconf 85' lang='lat' dir='ltr'>Thessalos,</span> 
     </span>
     <span class='ocr_line' id='line_1_20' title="bbox 312 2389 2110 2483; baseline 0.002 -18"><span class='ocrx_word' id='word_1_221' title='bbox 312 2411 434 2466; x_wconf 89' lang='lat' dir='ltr'>certam</span> <span class='ocrx_word' id='word_1_222' title='bbox 462 2397 600 2463; x_wconf 78' lang='lat' dir='ltr'>Achaeis</span> <span class='ocrx_word' id='word_1_223' title='bbox 624 2395 661 2458; x_wconf 91' lang='lat' dir='ltr'>in</span> <span class='ocrx_word' id='word_1_224' title='bbox 687 2413 794 2456; x_wconf 88' lang='lat' dir='ltr'>annos</span> <span class='ocrx_word' id='word_1_225' title='bbox 821 2391 971 2474; x_wconf 82' lang='lat' dir='ltr'>singulos</span> <span class='ocrx_word' id='word_1_226' title='bbox 998 2389 1174 2472; x_wconf 85' lang='lat' dir='ltr'>pecuniam</span> <span class='ocrx_word' id='word_1_227' title='bbox 1201 2389 1434 2474; x_wconf 83' lang='lat' dir='ltr'>imperavisse,</span> <span class='ocrx_word' id='word_1_228' title='bbox 1462 2414 1572 2475; x_wconf 91' lang='lat' dir='ltr'>neque</span> <span class='ocrx_word' id='word_1_229' title='bbox 1601 2404 1712 2460; x_wconf 87' lang='lat' dir='ltr'>tamen</span> <span class='ocrx_word' id='word_1_230' title='bbox 1738 2399 1809 2461; x_wconf 91' lang='lat' dir='ltr'>ullo</span> <span class='ocrx_word' id='word_1_231' title='bbox 1836 2399 1872 2462; x_wconf 92' lang='lat' dir='ltr'>in</span> <span class='ocrx_word' id='word_1_232' title='bbox 1897 2403 2034 2483; x_wconf 91' lang='lat' dir='ltr'>publico</span> <span class='ocrx_word' id='word_1_233' title='bbox 2053 2416 2110 2467; x_wconf 87' lang='lat' dir='ltr'>aut</span> 
     </span>
     <span class='ocr_line' id='line_1_21' title="bbox 254 2495 2110 2590; baseline 0.001 -19"><span class='ocrx_word' id='word_1_234' title='bbox 254 2505 295 2571; x_wconf 86' lang='grc'><strong>20</strong></span> <span class='ocrx_word' id='word_1_235' title='bbox 314 2504 470 2590; x_wconf 86' lang='lat' dir='ltr'>religioso</span> <span class='ocrx_word' id='word_1_236' title='bbox 490 2505 567 2566; x_wconf 92' lang='lat' dir='ltr'>loco</span> <span class='ocrx_word' id='word_1_237' title='bbox 587 2502 720 2584; x_wconf 85' lang='lat' dir='ltr'>signum</span> <span class='ocrx_word' id='word_1_238' title='bbox 739 2505 797 2560; x_wconf 90' lang='lat' dir='ltr'>aut</span> <span class='ocrx_word' id='word_1_239' title='bbox 815 2495 962 2557; x_wconf 82' lang='lat' dir='ltr'>tabulam</span> <span class='ocrx_word' id='word_1_240' title='bbox 982 2503 1039 2556; x_wconf 90' lang='lat' dir='ltr'>aut</span> <span class='ocrx_word' id='word_1_241' title='bbox 1058 2503 1290 2556; x_wconf 87' lang='lat' dir='ltr'>ornamentum</span> <span class='ocrx_word' id='word_1_242' title='bbox 1310 2496 1504 2574; x_wconf 84' lang='lat' dir='ltr'>reliquisse:</span> <span class='ocrx_word' id='word_1_243' title='bbox 1534 2501 1598 2562; x_wconf 87' lang='lat' dir='ltr'>bos</span> <span class='ocrx_word' id='word_1_244' title='bbox 1620 2501 1670 2564; x_wconf 91' lang='lat' dir='ltr'>sic</span> <span class='ocrx_word' id='word_1_245' title='bbox 1690 2503 1843 2584; x_wconf 89' lang='lat' dir='ltr'>eludere,</span> <span class='ocrx_word' id='word_1_246' title='bbox 1864 2507 1985 2585; x_wconf 89' lang='lat' dir='ltr'>quibus</span> <span class='ocrx_word' id='word_1_247' title='bbox 2007 2530 2110 2573; x_wconf 88' lang='lat' dir='ltr'>omne</span> 
     </span>
     <span class='ocr_line' id='line_1_22' title="bbox 310 2598 2108 2692; baseline 0.003 -20"><span class='ocrx_word' id='word_1_248' title='bbox 310 2609 514 2692; x_wconf 77' lang='lat' dir='ltr'>supplicium</span> <span class='ocrx_word' id='word_1_249' title='bbox 533 2612 632 2685; x_wconf 85' lang='lat' dir='ltr'>atque</span> <span class='ocrx_word' id='word_1_250' title='bbox 649 2600 758 2666; x_wconf 83' lang='lat' dir='ltr'>omnis</span> <span class='ocrx_word' id='word_1_251' title='bbox 778 2600 851 2663; x_wconf 91' lang='lat' dir='ltr'>iure</span> <span class='ocrx_word' id='word_1_252' title='bbox 871 2609 1009 2680; x_wconf 90' lang='lat' dir='ltr'>optumo</span> <span class='ocrx_word' id='word_1_253' title='bbox 1028 2617 1137 2680; x_wconf 85' lang='lat' dir='ltr'>poena</span> <span class='ocrx_word' id='word_1_254' title='bbox 1157 2598 1313 2674; x_wconf 83' lang='lat' dir='ltr'>debetur;</span> <span class='ocrx_word' id='word_1_255' title='bbox 1332 2618 1409 2662; x_wconf 89' lang='lat' dir='ltr'>reos</span> <span class='ocrx_word' id='word_1_256' title='bbox 1429 2621 1501 2665; x_wconf 85' lang='lat' dir='ltr'>esse</span> <span class='ocrx_word' id='word_1_257' title='bbox 1514 2605 1577 2667; x_wconf 93' lang='lat' dir='ltr'>hos</span> <span class='ocrx_word' id='word_1_258' title='bbox 1592 2605 1693 2687; x_wconf 88' lang='lat' dir='ltr'>duos,</span> <span class='ocrx_word' id='word_1_259' title='bbox 1713 2629 1799 2689; x_wconf 91' lang='lat' dir='ltr'>quos</span> <span class='ocrx_word' id='word_1_260' title='bbox 1813 2611 1950 2692; x_wconf 70' lang='lat' dir='ltr'>videtis,</span> <span class='ocrx_word' id='word_1_261' title='bbox 1981 2616 2108 2677; x_wconf 88' lang='lat' dir='ltr'>Omitto</span> 
     </span>
     <span class='ocr_line' id='line_1_23' title="bbox 310 2699 2109 2800; baseline 0.004 -24"><span class='ocrx_word' id='word_1_262' title='bbox 310 2713 378 2776; x_wconf 93' lang='lat' dir='ltr'>iam</span> <span class='ocrx_word' id='word_1_263' title='bbox 399 2710 613 2790; x_wconf 86' lang='lat' dir='ltr'>Numerium,</span> <span class='ocrx_word' id='word_1_264' title='bbox 639 2709 834 2783; x_wconf 88' lang='lat' dir='ltr'>Serranum,</span> <span class='ocrx_word' id='word_1_265' title='bbox 863 2701 1016 2782; x_wconf 86' lang='lat' dir='ltr'>Aelium,</span> <span class='ocrx_word' id='word_1_266' title='bbox 1045 2699 1243 2781; x_wconf 87' lang='lat' dir='ltr'>quisquilias</span> <span class='ocrx_word' id='word_1_267' title='bbox 1271 2701 1443 2767; x_wconf 87' lang='lat' dir='ltr'>seditionis</span> <span class='ocrx_word' id='word_1_268' title='bbox 1473 2707 1673 2771; x_wconf 82' lang='lat' dir='ltr'>Clodianae:</span> <span class='ocrx_word' id='word_1_269' title='bbox 1702 2722 1752 2774; x_wconf 84' lang='lat' dir='ltr'>set</span> <span class='ocrx_word' id='word_1_270' title='bbox 1782 2723 1889 2777; x_wconf 67' lang='lat' dir='ltr'>nmen</span> <span class='ocrx_word' id='word_1_271' title='bbox 1916 2717 1942 2778; x_wconf 90' lang='lat' dir='ltr'>ii</span> <span class='ocrx_word' id='word_1_272' title='bbox 1971 2739 2109 2800; x_wconf 91' lang='lat' dir='ltr'>quoque</span> 
     </span>
     <span class='ocr_line' id='line_1_24' title="bbox 305 2805 2107 2898; baseline 0.003 -17"><span class='ocrx_word' id='word_1_273' title='bbox 305 2815 409 2881; x_wconf 80' lang='lat' dir='ltr'>etiam</span> <span class='ocrx_word' id='word_1_274' title='bbox 429 2835 520 2878; x_wconf 92' lang='lat' dir='ltr'>nunc</span> <span class='ocrx_word' id='word_1_275' title='bbox 539 2812 699 2890; x_wconf 78' lang='lat' dir='ltr'>volitant,</span> <span class='ocrx_word' id='word_1_276' title='bbox 725 2817 763 2869; x_wconf 86' lang='lat' dir='ltr'>ut</span> <span class='ocrx_word' id='word_1_277' title='bbox 787 2805 926 2884; x_wconf 78' lang='lat' dir='ltr'>ridetis3</span> <span class='ocrx_word' id='word_1_278' title='bbox 952 2826 1029 2888; x_wconf 88' lang='lat' dir='ltr'>nec,</span> <span class='ocrx_word' id='word_1_279' title='bbox 1056 2809 1137 2869; x_wconf 92' lang='lat' dir='ltr'>dum</span> <span class='ocrx_word' id='word_1_280' title='bbox 1162 2825 1223 2869; x_wconf 79' lang='lat' dir='ltr'>ros</span> <span class='ocrx_word' id='word_1_281' title='bbox 1243 2808 1287 2870; x_wconf 90' lang='lat' dir='ltr'>de</span> <span class='ocrx_word' id='word_1_282' title='bbox 1305 2806 1403 2870; x_wconf 80' lang='lat' dir='ltr'>vobis</span> <span class='ocrx_word' id='word_1_283' title='bbox 1423 2808 1550 2889; x_wconf 90' lang='lat' dir='ltr'>aliquid</span> <span class='ocrx_word' id='word_1_284' title='bbox 1571 2809 1743 2890; x_wconf 89' lang='lat' dir='ltr'>timebitis,</span> <span class='ocrx_word' id='word_1_285' title='bbox 1768 2814 1819 2877; x_wconf 88' lang='lat' dir='ltr'>illi</span> <span class='ocrx_word' id='word_1_286' title='bbox 1838 2837 1987 2898; x_wconf 89' lang='lat' dir='ltr'>unquam</span> <span class='ocrx_word' id='word_1_287' title='bbox 2007 2824 2049 2886; x_wconf 90' lang='lat' dir='ltr'>de</span> <span class='ocrx_word' id='word_1_288' title='bbox 2069 2844 2107 2887; x_wconf 89' lang='lat' dir='ltr'>se</span> 
     </span>
     <span class='ocr_line' id='line_1_25' title="bbox 310 2921 2077 3002; baseline -0.002 -19"><span class='ocrx_word' id='word_1_289' title='bbox 310 2921 552 3002; x_wconf 88' lang='lat' dir='ltr'>pertimescent.</span> <span class='ocrx_word' id='word_1_290' title='bbox 623 2988 625 2993; x_wconf 82' lang='lat'>.</span> <span class='ocrx_word' id='word_1_291' title='bbox 2066 2928 2077 2939; x_wconf 80' lang='lat'><strong>¹</strong></span> 
     </span>
     <span class='ocr_line' id='line_1_26' title="bbox 252 3014 2107 3101; baseline 0.007 -21"><span class='ocrx_word' id='word_1_292' title='bbox 252 3029 293 3093; x_wconf 71' lang='lat'>25</span> <span class='ocrx_word' id='word_1_293' title='bbox 392 3022 511 3084; x_wconf 81' lang='lat' dir='ltr'>XLIV.</span> <span class='ocrx_word' id='word_1_294' title='bbox 551 3023 601 3101; x_wconf 80' lang='lat'>95.</span> <span class='ocrx_word' id='word_1_295' title='bbox 621 3020 705 3080; x_wconf 89' lang='lat' dir='ltr'>Nam</span> <span class='ocrx_word' id='word_1_296' title='bbox 726 3014 809 3098; x_wconf 92' lang='lat' dir='ltr'>quid</span> <span class='ocrx_word' id='word_1_297' title='bbox 828 3035 892 3100; x_wconf 84' lang='lat' dir='ltr'>ego</span> <span class='ocrx_word' id='word_1_298' title='bbox 913 3017 955 3085; x_wconf 82' lang='lat' dir='ltr'>de</span> <span class='ocrx_word' id='word_1_299' title='bbox 975 3015 1081 3078; x_wconf 91' lang='lat' dir='ltr'>aedile</span> <span class='ocrx_word' id='word_1_300' title='bbox 1100 3015 1175 3097; x_wconf 90' lang='lat' dir='ltr'>ipso</span> <span class='ocrx_word' id='word_1_301' title='bbox 1193 3018 1335 3100; x_wconf 89' lang='lat' dir='ltr'>loquar,</span> <span class='ocrx_word' id='word_1_302' title='bbox 1362 3017 1422 3098; x_wconf 87' lang='lat' dir='ltr'>qui</span> <span class='ocrx_word' id='word_1_303' title='bbox 1442 3019 1540 3081; x_wconf 82' lang='lat' dir='ltr'>ctiam</span> <span class='ocrx_word' id='word_1_304' title='bbox 1560 3019 1649 3083; x_wconf 90' lang='lat' dir='ltr'>diem</span> <span class='ocrx_word' id='word_1_305' title='bbox 1673 3021 1756 3087; x_wconf 86' lang='lat' dir='ltr'>dixit</span> <span class='ocrx_word' id='word_1_306' title='bbox 1774 3033 1807 3087; x_wconf 90' lang='lat' dir='ltr'>et</span> <span class='ocrx_word' id='word_1_307' title='bbox 1823 3026 1989 3091; x_wconf 83' lang='lat' dir='ltr'>accusavit</span> <span class='ocrx_word' id='word_1_308' title='bbox 2008 3032 2051 3092; x_wconf 92' lang='lat' dir='ltr'>de</span> <span class='ocrx_word' id='word_1_309' title='bbox 2073 3033 2107 3093; x_wconf 84' lang='lat' dir='ltr'>vi</span> 
     </span>
     <span class='ocr_line' id='line_1_27' title="bbox 311 3118 2107 3212; baseline 0.002 -22"><span class='ocrx_word' id='word_1_310' title='bbox 311 3126 498 3190; x_wconf 81' lang='lat' dir='ltr'>Milonem?</span> <span class='ocrx_word' id='word_1_311' title='bbox 529 3127 645 3207; x_wconf 79' lang='lat' dir='ltr'>¹Neque</span> <span class='ocrx_word' id='word_1_312' title='bbox 671 3121 728 3186; x_wconf 91' lang='lat' dir='ltr'>hic</span> <span class='ocrx_word' id='word_1_313' title='bbox 750 3132 860 3185; x_wconf 91' lang='lat' dir='ltr'>tamen</span> <span class='ocrx_word' id='word_1_314' title='bbox 889 3121 959 3182; x_wconf 88' lang='lat' dir='ltr'>ulla</span> <span class='ocrx_word' id='word_1_315' title='bbox 989 3140 1136 3200; x_wconf 88' lang='lat' dir='ltr'>unquam</span> <span class='ocrx_word' id='word_1_316' title='bbox 1163 3118 1283 3183; x_wconf 87' lang='lat' dir='ltr'>iniuria</span> <span class='ocrx_word' id='word_1_317' title='bbox 1311 3123 1513 3205; x_wconf 83' lang='lat' dir='ltr'>adducetur,</span> <span class='ocrx_word' id='word_1_318' title='bbox 1543 3132 1578 3186; x_wconf 88' lang='lat' dir='ltr'>ut</span> <span class='ocrx_word' id='word_1_319' title='bbox 1604 3145 1681 3187; x_wconf 90' lang='lat' dir='ltr'>eum</span> <span class='ocrx_word' id='word_1_320' title='bbox 1712 3126 1769 3189; x_wconf 90' lang='lat' dir='ltr'>tali</span> <span class='ocrx_word' id='word_1_321' title='bbox 1798 3126 1920 3205; x_wconf 79' lang='lat' dir='ltr'>virtute</span> <span class='ocrx_word' id='word_1_322' title='bbox 1948 3141 2107 3212; x_wconf 78' lang='lat' dir='ltr'>tantaque-</span> 
     </span>
     <span class='ocr_line' id='line_1_28' title="bbox 310 3223 2107 3317; baseline 0.003 -22"><span class='ocrx_word' id='word_1_323' title='bbox 310 3232 464 3296; x_wconf 86' lang='lat' dir='ltr'>firmitate</span> <span class='ocrx_word' id='word_1_324' title='bbox 484 3229 587 3293; x_wconf 89' lang='lat' dir='ltr'>animi</span> <span class='ocrx_word' id='word_1_325' title='bbox 605 3248 642 3292; x_wconf 91' lang='lat' dir='ltr'>se</span> <span class='ocrx_word' id='word_1_326' title='bbox 660 3228 695 3290; x_wconf 90' lang='lat' dir='ltr'>in</span> <span class='ocrx_word' id='word_1_327' title='bbox 716 3247 786 3290; x_wconf 93' lang='lat' dir='ltr'>rem</span> <span class='ocrx_word' id='word_1_328' title='bbox 805 3223 974 3307; x_wconf 88' lang='lat' dir='ltr'>publicam</span> <span class='ocrx_word' id='word_1_329' title='bbox 993 3223 1093 3286; x_wconf 84' lang='lat' dir='ltr'>fuisse</span> <span class='ocrx_word' id='word_1_330' title='bbox 1112 3223 1300 3306; x_wconf 83' lang='lat' dir='ltr'>poeniteat:</span> <span class='ocrx_word' id='word_1_331' title='bbox 1324 3236 1390 3306; x_wconf 92' lang='lat' dir='ltr'>set,</span> <span class='ocrx_word' id='word_1_332' title='bbox 1416 3226 1477 3307; x_wconf 94' lang='lat' dir='ltr'>qui</span> <span class='ocrx_word' id='word_1_333' title='bbox 1502 3229 1586 3291; x_wconf 86' lang='lat' dir='ltr'>haec</span> <span class='ocrx_word' id='word_1_334' title='bbox 1617 3228 1729 3293; x_wconf 88' lang='lat' dir='ltr'>vident</span> <span class='ocrx_word' id='word_1_335' title='bbox 1753 3232 1997 3317; x_wconf 88' lang='lat' dir='ltr'>adolescentes,</span> <span class='ocrx_word' id='word_1_336' title='bbox 2021 3257 2107 3317; x_wconf 90' lang='lat' dir='ltr'>quo·</span> 
     </span>
     <span class='ocr_line' id='line_1_29' title="bbox 312 3327 2108 3416; baseline 0.004 -19"><span class='ocrx_word' id='word_1_337' title='bbox 312 3357 389 3399; x_wconf 89' lang='lat' dir='ltr'>nam</span> <span class='ocrx_word' id='word_1_338' title='bbox 410 3356 486 3400; x_wconf 84' lang='lat' dir='ltr'>suas</span> <span class='ocrx_word' id='word_1_339' title='bbox 507 3333 625 3397; x_wconf 89' lang='lat' dir='ltr'>mentis</span> <span class='ocrx_word' id='word_1_340' title='bbox 646 3330 838 3396; x_wconf 82' lang='lat' dir='ltr'>conferent?</span> <span class='ocrx_word' id='word_1_341' title='bbox 865 3327 940 3411; x_wconf 92' lang='lat' dir='ltr'>Ille,</span> <span class='ocrx_word' id='word_1_342' title='bbox 962 3328 1021 3408; x_wconf 92' lang='lat' dir='ltr'>qui</span> <span class='ocrx_word' id='word_1_343' title='bbox 1040 3337 1253 3393; x_wconf 88' lang='lat' dir='ltr'>monumenta</span> <span class='ocrx_word' id='word_1_344' title='bbox 1271 3328 1424 3412; x_wconf 89' lang='lat' dir='ltr'>publica,</span> <span class='ocrx_word' id='word_1_345' title='bbox 1444 3329 1504 3410; x_wconf 92' lang='lat' dir='ltr'>qui</span> <span class='ocrx_word' id='word_1_346' title='bbox 1523 3331 1614 3395; x_wconf 88' lang='lat' dir='ltr'>aedis</span> <span class='ocrx_word' id='word_1_347' title='bbox 1634 3352 1758 3416; x_wconf 88' lang='lat' dir='ltr'>sacras,</span> <span class='ocrx_word' id='word_1_348' title='bbox 1776 3336 1837 3416; x_wconf 89' lang='lat' dir='ltr'>qui</span> <span class='ocrx_word' id='word_1_349' title='bbox 1857 3340 1976 3403; x_wconf 87' lang='lat' dir='ltr'>domos</span> <span class='ocrx_word' id='word_1_350' title='bbox 1996 3340 2108 3405; x_wconf 88' lang='lat' dir='ltr'>inimi·</span> 
     </span>
     <span class='ocr_line' id='line_1_30' title="bbox 270 3431 2105 3527; baseline 0.004 -27"><span class='ocrx_word' id='word_1_351' title='bbox 270 3468 274 3475; x_wconf 96' lang='lat'>·</span> <span class='ocrx_word' id='word_1_352' title='bbox 311 3459 427 3501; x_wconf 88' lang='lat' dir='ltr'>corum</span> <span class='ocrx_word' id='word_1_353' title='bbox 446 3458 585 3501; x_wconf 87' lang='lat' dir='ltr'>auorum</span> <span class='ocrx_word' id='word_1_354' title='bbox 605 3433 830 3518; x_wconf 77' lang='lat' dir='ltr'>oppugnavit,</span> <span class='ocrx_word' id='word_1_355' title='bbox 856 3431 996 3513; x_wconf 85' lang='lat' dir='ltr'>excidit,</span> <span class='ocrx_word' id='word_1_356' title='bbox 1021 3431 1187 3513; x_wconf 89' lang='lat' dir='ltr'>incendit,</span> <span class='ocrx_word' id='word_1_357' title='bbox 1214 3432 1273 3513; x_wconf 87' lang='lat' dir='ltr'>qui</span> <span class='ocrx_word' id='word_1_358' title='bbox 1298 3434 1436 3515; x_wconf 91' lang='lat' dir='ltr'>stipatus</span> <span class='ocrx_word' id='word_1_359' title='bbox 1463 3457 1595 3527; x_wconf 79' lang='lat' dir='ltr'>semper</span> <span class='ocrx_word' id='word_1_360' title='bbox 1615 3437 1759 3520; x_wconf 87' lang='lat' dir='ltr'>sicariis,</span> <span class='ocrx_word' id='word_1_361' title='bbox 1787 3450 1922 3521; x_wconf 81' lang='lat' dir='ltr'>saeptus</span> <span class='ocrx_word' id='word_1_362' title='bbox 1952 3445 2105 3525; x_wconf 86' lang='lat' dir='ltr'>armatis,</span> 
     </span>
     <span class='ocr_line' id='line_1_31' title="bbox 253 3537 2105 3623; baseline 0.003 -20"><span class='ocrx_word' id='word_1_363' title='bbox 253 3547 294 3614; x_wconf 77' lang='grc'>30</span> <span class='ocrx_word' id='word_1_364' title='bbox 314 3540 459 3603; x_wconf 88' lang='lat' dir='ltr'>munitus</span> <span class='ocrx_word' id='word_1_365' title='bbox 479 3539 644 3602; x_wconf 89' lang='lat' dir='ltr'>indicibus</span> <span class='ocrx_word' id='word_1_366' title='bbox 663 3537 745 3622; x_wconf 85' lang='lat' dir='ltr'>fuit,</span> <span class='ocrx_word' id='word_1_367' title='bbox 772 3558 915 3619; x_wconf 91' lang='lat' dir='ltr'>quorum</span> <span class='ocrx_word' id='word_1_368' title='bbox 934 3538 1037 3601; x_wconf 89' lang='lat' dir='ltr'>hodie</span> <span class='ocrx_word' id='word_1_369' title='bbox 1055 3538 1152 3620; x_wconf 91' lang='lat' dir='ltr'>copia</span> <span class='ocrx_word' id='word_1_370' title='bbox 1171 3539 1353 3618; x_wconf 90' lang='lat' dir='ltr'>redundat,</span> <span class='ocrx_word' id='word_1_371' title='bbox 1382 3539 1443 3619; x_wconf 92' lang='lat' dir='ltr'>qui</span> <span class='ocrx_word' id='word_1_372' title='bbox 1464 3550 1495 3602; x_wconf 92' lang='lat' dir='ltr'>et</span> <span class='ocrx_word' id='word_1_373' title='bbox 1514 3541 1724 3623; x_wconf 86' lang='lat' dir='ltr'>peregrinam</span> <span class='ocrx_word' id='word_1_374' title='bbox 1744 3564 1879 3615; x_wconf 82' lang='lat' dir='ltr'>manum</span> <span class='ocrx_word' id='word_1_375' title='bbox 1900 3545 2105 3610; x_wconf 82' lang='lat' dir='ltr'>facinoroso-</span> 
     </span>
     <span class='ocr_line' id='line_1_32' title="bbox 309 3641 2104 3716; baseline 0.004 -8"><span class='ocrx_word' id='word_1_376' title='bbox 309 3665 385 3708; x_wconf 90' lang='lat' dir='ltr'>rum</span> <span class='ocrx_word' id='word_1_377' title='bbox 402 3641 586 3707; x_wconf 78' lang='lat' dir='ltr'>concitavit</span> <span class='ocrx_word' id='word_1_378' title='bbox 611 3650 644 3704; x_wconf 89' lang='lat' dir='ltr'>et</span> <span class='ocrx_word' id='word_1_379' title='bbox 670 3660 783 3705; x_wconf 83' lang='lat' dir='ltr'>seruos</span> <span class='ocrx_word' id='word_1_380' title='bbox 811 3644 854 3704; x_wconf 94' lang='lat' dir='ltr'>ad</span> <span class='ocrx_word' id='word_1_381' title='bbox 880 3644 1014 3705; x_wconf 88' lang='lat' dir='ltr'>caedem</span> <span class='ocrx_word' id='word_1_382' title='bbox 1040 3641 1182 3705; x_wconf 90' lang='lat' dir='ltr'>idoneos</span> <span class='ocrx_word' id='word_1_383' title='bbox 1208 3642 1288 3704; x_wconf 93' lang='lat' dir='ltr'>emit</span> <span class='ocrx_word' id='word_1_384' title='bbox 1315 3642 1408 3705; x_wconf 89' lang='lat' dir='ltr'>etin</span> <span class='ocrx_word' id='word_1_385' title='bbox 1435 3645 1603 3706; x_wconf 87' lang='lat' dir='ltr'>tribunatu</span> <span class='ocrx_word' id='word_1_386' title='bbox 1624 3664 1788 3710; x_wconf 90' lang='lat' dir='ltr'>carcerem</span> <span class='ocrx_word' id='word_1_387' title='bbox 1809 3658 1917 3712; x_wconf 92' lang='lat' dir='ltr'>totum</span> <span class='ocrx_word' id='word_1_388' title='bbox 1936 3649 1970 3711; x_wconf 91' lang='lat' dir='ltr'>in</span> <span class='ocrx_word' id='word_1_389' title='bbox 1991 3651 2104 3716; x_wconf 84' lang='lat' dir='ltr'>iorum</span> 
     </span>
     <span class='ocr_line' id='line_1_33' title="bbox 310 3744 2102 3837; baseline 0.004 -24"><span class='ocrx_word' id='word_1_390' title='bbox 310 3744 445 3831; x_wconf 84' lang='lat' dir='ltr'>effudit,</span> <span class='ocrx_word' id='word_1_391' title='bbox 475 3746 592 3810; x_wconf 83' lang='lat' dir='ltr'>volitat</span> <span class='ocrx_word' id='word_1_392' title='bbox 610 3745 748 3828; x_wconf 90' lang='lat' dir='ltr'>aedilis,</span> <span class='ocrx_word' id='word_1_393' title='bbox 771 3757 903 3810; x_wconf 88' lang='lat' dir='ltr'>accusat</span> <span class='ocrx_word' id='word_1_394' title='bbox 923 3768 1017 3828; x_wconf 88' lang='lat' dir='ltr'>eum,</span> <span class='ocrx_word' id='word_1_395' title='bbox 1045 3746 1104 3827; x_wconf 91' lang='lat' dir='ltr'>qui</span> <span class='ocrx_word' id='word_1_396' title='bbox 1123 3746 1236 3827; x_wconf 91' lang='lat' dir='ltr'>aliqua</span> <span class='ocrx_word' id='word_1_397' title='bbox 1257 3766 1298 3808; x_wconf 86' lang='lat' dir='ltr'>cx</span> <span class='ocrx_word' id='word_1_398' title='bbox 1318 3755 1413 3827; x_wconf 87' lang='lat' dir='ltr'>parte</span> <span class='ocrx_word' id='word_1_399' title='bbox 1433 3746 1503 3810; x_wconf 87' lang='lat' dir='ltr'>eius</span> <span class='ocrx_word' id='word_1_400' title='bbox 1522 3746 1671 3811; x_wconf 80' lang='lat' dir='ltr'>furorem</span> <span class='ocrx_word' id='word_1_401' title='bbox 1695 3753 1914 3816; x_wconf 87' lang='lat' dir='ltr'>exsultantem</span> <span class='ocrx_word' id='word_1_402' title='bbox 1935 3758 2102 3837; x_wconf 88' lang='lat' dir='ltr'>repressit.</span> 
     </span>
     <span class='ocr_line' id='line_1_34' title="bbox 311 3851 2102 3937; baseline 0.003 -19"><span class='ocrx_word' id='word_1_403' title='bbox 311 3854 395 3930; x_wconf 86' lang='lat' dir='ltr'>Hic,</span> <span class='ocrx_word' id='word_1_404' title='bbox 421 3853 481 3935; x_wconf 90' lang='lat' dir='ltr'>qui</span> <span class='ocrx_word' id='word_1_405' title='bbox 500 3872 537 3915; x_wconf 90' lang='lat' dir='ltr'>se</span> <span class='ocrx_word' id='word_1_406' title='bbox 556 3861 605 3915; x_wconf 91' lang='lat' dir='ltr'>est</span> <span class='ocrx_word' id='word_1_407' title='bbox 625 3859 747 3914; x_wconf 91' lang='lat' dir='ltr'>tutatus</span> <span class='ocrx_word' id='word_1_408' title='bbox 767 3851 833 3928; x_wconf 87' lang='lat' dir='ltr'>sic,</span> <span class='ocrx_word' id='word_1_409' title='bbox 859 3862 896 3913; x_wconf 91' lang='lat' dir='ltr'>ut</span> <span class='ocrx_word' id='word_1_410' title='bbox 916 3851 952 3914; x_wconf 88' lang='lat' dir='ltr'>in</span> <span class='ocrx_word' id='word_1_411' title='bbox 971 3851 1100 3936; x_wconf 84' lang='lat' dir='ltr'>priuata</span> <span class='ocrx_word' id='word_1_412' title='bbox 1118 3873 1155 3915; x_wconf 93' lang='lat' dir='ltr'>re</span> <span class='ocrx_word' id='word_1_413' title='bbox 1175 3854 1253 3914; x_wconf 89' lang='lat' dir='ltr'>deos</span> <span class='ocrx_word' id='word_1_414' title='bbox 1275 3851 1405 3934; x_wconf 88' lang='lat' dir='ltr'>penatis</span> <span class='ocrx_word' id='word_1_415' title='bbox 1426 3872 1523 3933; x_wconf 91' lang='lat' dir='ltr'>suos,</span> <span class='ocrx_word' id='word_1_416' title='bbox 1547 3854 1584 3915; x_wconf 90' lang='lat' dir='ltr'>in</span> <span class='ocrx_word' id='word_1_417' title='bbox 1609 3875 1647 3917; x_wconf 90' lang='lat' dir='ltr'>re</span> <span class='ocrx_word' id='word_1_418' title='bbox 1666 3855 1800 3937; x_wconf 89' lang='lat' dir='ltr'>publica</span> <span class='ocrx_word' id='word_1_419' title='bbox 1824 3856 1898 3922; x_wconf 91' lang='lat' dir='ltr'>iura</span> <span class='ocrx_word' id='word_1_420' title='bbox 1917 3860 2102 3925; x_wconf 89' lang='lat' dir='ltr'>tribunatus</span> 
     </span>
     <span class='ocr_line' id='line_1_35' title="bbox 309 3938 2103 4044; baseline 0.003 -21"><span class='ocrx_word' id='word_1_421' title='bbox 309 3968 409 4040; x_wconf 87' lang='lat' dir='ltr'>atque</span> <span class='ocrx_word' id='word_1_422' title='bbox 429 3954 576 4040; x_wconf 92' lang='lat' dir='ltr'>auspicia</span> <span class='ocrx_word' id='word_1_423' title='bbox 596 3938 805 4039; x_wconf 42' lang='lat' dir='ltr'>deienddrc&#39;t,</span> <span class='ocrx_word' id='word_1_424' title='bbox 831 3975 985 4020; x_wconf 86' lang='lat' dir='ltr'>accusare</span> <span class='ocrx_word' id='word_1_425' title='bbox 1004 3975 1081 4020; x_wconf 88' lang='lat' dir='ltr'>eum</span> <span class='ocrx_word' id='word_1_426' title='bbox 1102 3959 1293 4037; x_wconf 91' lang='lat' dir='ltr'>moderate,</span> <span class='ocrx_word' id='word_1_427' title='bbox 1317 3977 1338 4018; x_wconf 90' lang='lat' dir='ltr'>a</span> <span class='ocrx_word' id='word_1_428' title='bbox 1357 3977 1425 4037; x_wconf 90' lang='lat' dir='ltr'>quo</span> <span class='ocrx_word' id='word_1_429' title='bbox 1444 3957 1517 4040; x_wconf 89' lang='lat' dir='ltr'>ipse</span> <span class='ocrx_word' id='word_1_430' title='bbox 1535 3959 1661 4023; x_wconf 82' lang='lat' dir='ltr'>nelarie</span> <span class='ocrx_word' id='word_1_431' title='bbox 1680 3970 1865 4044; x_wconf 82' lang='lat' dir='ltr'>accusatur,</span> <span class='ocrx_word' id='word_1_432' title='bbox 1890 3985 1951 4044; x_wconf 92' lang='lat' dir='ltr'>per</span> <span class='ocrx_word' id='word_1_433' title='bbox 1970 3975 2103 4029; x_wconf 87' lang='lat' dir='ltr'>senatus</span> 
     </span>
     <span class='ocr_line' id='line_1_36' title="bbox 253 4044 2104 4148; baseline 0.004 -22"><span class='ocrx_word' id='word_1_434' title='bbox 253 4068 295 4135; x_wconf 80' lang='lat'>35</span> <span class='ocrx_word' id='word_1_435' title='bbox 313 4062 540 4127; x_wconf 88' lang='lat' dir='ltr'>auctoritatem</span> <span class='ocrx_word' id='word_1_436' title='bbox 560 4081 630 4124; x_wconf 92' lang='lat' dir='ltr'>non</span> <span class='ocrx_word' id='word_1_437' title='bbox 650 4071 699 4125; x_wconf 87' lang='lat' dir='ltr'>est</span> <span class='ocrx_word' id='word_1_438' title='bbox 717 4044 813 4127; x_wconf 83' lang='lat' dir='ltr'>situs.</span> <span class='ocrx_word' id='word_1_439' title='bbox 851 4064 901 4143; x_wconf 85' lang='lat'>96.</span> <span class='ocrx_word' id='word_1_440' title='bbox 922 4061 1086 4125; x_wconf 88' lang='lat' dir='ltr'>Nimirum</span> <span class='ocrx_word' id='word_1_441' title='bbox 1105 4062 1171 4123; x_wconf 92' lang='lat' dir='ltr'>hoc</span> <span class='ocrx_word' id='word_1_442' title='bbox 1190 4060 1276 4123; x_wconf 92' lang='lat' dir='ltr'>illud</span> <span class='ocrx_word' id='word_1_443' title='bbox 1295 4071 1358 4143; x_wconf 91' lang='lat' dir='ltr'>cst,</span> <span class='ocrx_word' id='word_1_444' title='bbox 1379 4063 1471 4142; x_wconf 90' lang='lat' dir='ltr'>quod</span> <span class='ocrx_word' id='word_1_445' title='bbox 1491 4064 1532 4126; x_wconf 93' lang='lat' dir='ltr'>de</span> <span class='ocrx_word' id='word_1_446' title='bbox 1553 4085 1606 4127; x_wconf 89' lang='lat' dir='ltr'>me</span> <span class='ocrx_word' id='word_1_447' title='bbox 1625 4066 1844 4148; x_wconf 88' lang='lat' dir='ltr'>potissumum</span> <span class='ocrx_word' id='word_1_448' title='bbox 1863 4068 1951 4130; x_wconf 89' lang='lat' dir='ltr'>tuin</span> <span class='ocrx_word' id='word_1_449' title='bbox 1970 4089 2104 4133; x_wconf 88' lang='lat' dir='ltr'>accusa·</span> 
     </span>
     <span class='ocr_line' id='line_1_37' title="bbox 268 4165 2102 4254; baseline 0.005 -26"><span class='ocrx_word' id='word_1_450' title='bbox 268 4191 274 4199; x_wconf 94' lang='lat'><strong>·</strong></span> <span class='ocrx_word' id='word_1_451' title='bbox 311 4166 401 4231; x_wconf 91' lang='lat' dir='ltr'>tione</span> <span class='ocrx_word' id='word_1_452' title='bbox 421 4167 598 4248; x_wconf 89' lang='lat' dir='ltr'>quaesisti,</span> <span class='ocrx_word' id='word_1_453' title='bbox 627 4187 743 4250; x_wconf 78' lang='lat' dir='ltr'>,quae</span> <span class='ocrx_word' id='word_1_454' title='bbox 770 4173 856 4229; x_wconf 89' lang='lat' dir='ltr'>esset</span> <span class='ocrx_word' id='word_1_455' title='bbox 879 4175 993 4228; x_wconf 84' lang='lat' dir='ltr'>nostra</span> <span class='ocrx_word' id='word_1_456' title='bbox 1013 4166 1103 4229; x_wconf 90' lang='lat' dir='ltr'>natio</span> <span class='ocrx_word' id='word_1_457' title='bbox 1124 4165 1376 4247; x_wconf 86' lang='lat' dir='ltr'>optumatium.“</span> <span class='ocrx_word' id='word_1_458' title='bbox 1414 4165 1465 4229; x_wconf 88' lang='lat' dir='ltr'>Sic</span> <span class='ocrx_word' id='word_1_459' title='bbox 1485 4168 1574 4229; x_wconf 90' lang='lat' dir='ltr'>enim</span> <span class='ocrx_word' id='word_1_460' title='bbox 1594 4169 1715 4232; x_wconf 81' lang='lat' dir='ltr'>dixisti.</span> <span class='ocrx_word' id='word_1_461' title='bbox 1749 4174 1834 4233; x_wconf 82' lang='lat' dir='ltr'>Rem</span> <span class='ocrx_word' id='word_1_462' title='bbox 1854 4171 1986 4250; x_wconf 89' lang='lat' dir='ltr'>quaeris</span> <span class='ocrx_word' id='word_1_463' title='bbox 2007 4194 2102 4254; x_wconf 87' lang='lat' dir='ltr'>prae·</span> 
     </span>
     <span class='ocr_line' id='line_1_38' title="bbox 308 4267 2101 4363; baseline 0.006 -31"><span class='ocrx_word' id='word_1_464' title='bbox 308 4271 430 4332; x_wconf 89' lang='lat' dir='ltr'>claram</span> <span class='ocrx_word' id='word_1_465' title='bbox 450 4270 613 4335; x_wconf 86' lang='lat' dir='ltr'>iuventuti</span> <span class='ocrx_word' id='word_1_466' title='bbox 634 4272 677 4334; x_wconf 89' lang='lat' dir='ltr'>ad</span> <span class='ocrx_word' id='word_1_467' title='bbox 697 4270 893 4333; x_wconf 88' lang='lat' dir='ltr'>discendum</span> <span class='ocrx_word' id='word_1_468' title='bbox 919 4290 982 4334; x_wconf 92' lang='lat' dir='ltr'>nec</span> <span class='ocrx_word' id='word_1_469' title='bbox 1009 4269 1093 4332; x_wconf 85' lang='lat' dir='ltr'>mihi</span> <span class='ocrx_word' id='word_1_470' title='bbox 1120 4267 1287 4332; x_wconf 90' lang='lat' dir='ltr'>difficilem</span> <span class='ocrx_word' id='word_1_471' title='bbox 1312 4271 1357 4331; x_wconf 90' lang='lat' dir='ltr'>ad</span> <span class='ocrx_word' id='word_1_472' title='bbox 1375 4270 1637 4351; x_wconf 82' lang='lat' dir='ltr'>perducendum3</span> <span class='ocrx_word' id='word_1_473' title='bbox 1666 4277 1708 4337; x_wconf 90' lang='lat' dir='ltr'>de</span> <span class='ocrx_word' id='word_1_474' title='bbox 1728 4296 1794 4354; x_wconf 90' lang='lat' dir='ltr'>qua</span> <span class='ocrx_word' id='word_1_475' title='bbox 1814 4296 1937 4359; x_wconf 89' lang='lat' dir='ltr'>pauca,</span> <span class='ocrx_word' id='word_1_476' title='bbox 1956 4278 2101 4363; x_wconf 89' lang='lat' dir='ltr'>iudices,</span> 
     </span>
     <span class='ocr_line' id='line_1_39' title="bbox 309 4372 2099 4467; baseline 0.006 -30"><span class='ocrx_word' id='word_1_477' title='bbox 309 4374 435 4438; x_wconf 81' lang='lat' dir='ltr'>dicam:</span> <span class='ocrx_word' id='word_1_478' title='bbox 461 4385 508 4456; x_wconf 87' lang='lat' dir='ltr'>et,</span> <span class='ocrx_word' id='word_1_479' title='bbox 529 4386 563 4438; x_wconf 87' lang='lat' dir='ltr'>ut</span> <span class='ocrx_word' id='word_1_480' title='bbox 582 4377 740 4459; x_wconf 89' lang='lat' dir='ltr'>arbitror,</span> <span class='ocrx_word' id='word_1_481' title='bbox 759 4396 821 4439; x_wconf 92' lang='lat' dir='ltr'>nec</span> <span class='ocrx_word' id='word_1_482' title='bbox 840 4378 883 4438; x_wconf 91' lang='lat' dir='ltr'>ab</span> <span class='ocrx_word' id='word_1_483' title='bbox 904 4374 1043 4438; x_wconf 90' lang='lat' dir='ltr'>utilitate</span> <span class='ocrx_word' id='word_1_484' title='bbox 1064 4394 1199 4450; x_wconf 85' lang='lat' dir='ltr'>corum,</span> <span class='ocrx_word' id='word_1_485' title='bbox 1219 4373 1279 4454; x_wconf 92' lang='lat' dir='ltr'>qui</span> <span class='ocrx_word' id='word_1_486' title='bbox 1298 4372 1450 4457; x_wconf 89' lang='lat' dir='ltr'>audient,</span> <span class='ocrx_word' id='word_1_487' title='bbox 1470 4397 1531 4441; x_wconf 92' lang='lat' dir='ltr'>nec</span> <span class='ocrx_word' id='word_1_488' title='bbox 1551 4379 1595 4439; x_wconf 89' lang='lat' dir='ltr'>ab</span> <span class='ocrx_word' id='word_1_489' title='bbox 1614 4375 1725 4441; x_wconf 88' lang='lat' dir='ltr'>officio</span> <span class='ocrx_word' id='word_1_490' title='bbox 1745 4391 1861 4444; x_wconf 90' lang='lat' dir='ltr'>nostro</span> <span class='ocrx_word' id='word_1_491' title='bbox 1882 4402 1944 4447; x_wconf 90' lang='lat' dir='ltr'>nee</span> <span class='ocrx_word' id='word_1_492' title='bbox 1963 4387 2006 4448; x_wconf 90' lang='lat' dir='ltr'>ab</span> <span class='ocrx_word' id='word_1_493' title='bbox 2026 4385 2099 4467; x_wconf 89' lang='lat' dir='ltr'>ipsa</span> 
     </span>
     <span class='ocr_line' id='line_1_40' title="bbox 231 4479 1009 4546; baseline 0.003 -3"><span class='ocrx_word' id='word_1_494' title='bbox 231 4526 236 4543; x_wconf 87' lang='lat'>‚</span> <span class='ocrx_word' id='word_1_495' title='bbox 311 4501 408 4545; x_wconf 88' lang='lat' dir='ltr'>causa</span> <span class='ocrx_word' id='word_1_496' title='bbox 427 4482 464 4542; x_wconf 85' lang='grc' dir='ltr'>Ρ.</span> <span class='ocrx_word' id='word_1_497' title='bbox 485 4480 567 4543; x_wconf 86' lang='lat' dir='ltr'>Sesti</span> <span class='ocrx_word' id='word_1_498' title='bbox 586 4480 778 4545; x_wconf 86' lang='lat' dir='ltr'>abhorrebit</span> <span class='ocrx_word' id='word_1_499' title='bbox 798 4479 904 4544; x_wconf 89' lang='lat' dir='ltr'>oratio</span> <span class='ocrx_word' id='word_1_500' title='bbox 924 4500 1009 4546; x_wconf 89' lang='lat' dir='ltr'>mea.</span> 
     </span>
    </p>
   </div>
   <div class='ocr_carea' id='block_1_3' title="bbox 1775 4621 1786 4653">
    <p class='ocr_par' dir='ltr' id='par_1_9' title="bbox 1775 4621 1786 4653">
     <span class='ocr_line' id='line_1_41' title="bbox 1775 4621 1786 4653; baseline 0 0"><span class='ocrx_word' id='word_1_501' title='bbox 1775 4621 1786 4653; x_wconf 73' lang='grc'><strong>1</strong></span> 
     </span>
    </p>
   </div>
   <div class='ocr_carea' id='block_1_4' title="bbox 378 4689 2097 4774">
    <p class='ocr_par' dir='ltr' id='par_1_10' title="bbox 378 4689 2097 4774">
     <span class='ocr_line' id='line_1_42' title="bbox 378 4689 2097 4774; baseline 0.005 -28"><span class='ocrx_word' id='word_1_502' title='bbox 378 4693 466 4757; x_wconf 61' lang='lat' dir='ltr'>ERN,</span> <span class='ocrx_word' id='word_1_503' title='bbox 498 4694 521 4746; x_wconf 82' lang='lat' dir='ltr'>l.</span> <span class='ocrx_word' id='word_1_504' title='bbox 532 4692 594 4762; x_wconf 79' lang='lat' dir='ltr'>fait</span> <span class='ocrx_word' id='word_1_505' title='bbox 611 4690 645 4744; x_wconf 90' lang='lat' dir='ltr'>P.</span> <span class='ocrx_word' id='word_1_506' title='bbox 661 4689 729 4744; x_wconf 71' lang='lat' dir='ltr'>Sesti</span> <span class='ocrx_word' id='word_1_507' title='bbox 744 4689 818 4760; x_wconf 65' lang='grc' dir='ltr'>(Μ</span> <span class='ocrx_word' id='word_1_508' title='bbox 833 4690 902 4745; x_wconf 77' lang='lat' dir='ltr'>Sesti</span> <span class='ocrx_word' id='word_1_509' title='bbox 917 4689 1013 4758; x_wconf 80' lang='lat' dir='ltr'>ahc.)</span> <span class='ocrx_word' id='word_1_510' title='bbox 1045 4689 1070 4743; x_wconf 82' lang='lat'>5.</span> <span class='ocrx_word' id='word_1_511' title='bbox 1087 4690 1260 4766; x_wconf 72' lang='lat' dir='ltr'>mmafirri</span> <span class='ocrx_word' id='word_1_512' title='bbox 1287 4689 1330 4742; x_wconf 89' lang='grc'><strong>16.</strong></span> <span class='ocrx_word' id='word_1_513' title='bbox 1348 4690 1388 4742; x_wconf 84' lang='lat' dir='ltr'>lria</span> <span class='ocrx_word' id='word_1_514' title='bbox 1413 4690 1455 4744; x_wconf 79' lang='lat'>20.</span> <span class='ocrx_word' id='word_1_515' title='bbox 1472 4692 1581 4744; x_wconf 80' lang='lat' dir='ltr'>illudere</span> <span class='ocrx_word' id='word_1_516' title='bbox 1604 4691 1646 4747; x_wconf 90' lang='grc'>22.</span> <span class='ocrx_word' id='word_1_517' title='bbox 1665 4691 1696 4746; x_wconf 69' lang='lat' dir='ltr'>lta*</span> <span class='ocrx_word' id='word_1_518' title='bbox 1717 4694 1759 4748; x_wconf 82' lang='grc'>33.</span> <span class='ocrx_word' id='word_1_519' title='bbox 1770 4699 1918 4748; x_wconf 71' lang='lat' dir='ltr'>tribuamus</span> <span class='ocrx_word' id='word_1_520' title='bbox 1929 4706 2097 4774; x_wconf 76' lang='lat' dir='ltr'>suspectisque</span> 
     </span>
    </p>
   </div>
   <div class='ocr_carea' id='block_1_5' title="bbox 195 4808 2097 5304">
    <p class='ocr_par' dir='ltr' id='par_1_11' title="bbox 195 4808 2097 5304">
     <span class='ocr_line' id='line_1_43' title="bbox 380 4808 2095 4886; baseline 0.003 -20"><span class='ocrx_word' id='word_1_521' title='bbox 380 4813 508 4869; x_wconf 79' lang='lat' dir='ltr'>LECTP.</span> <span class='ocrx_word' id='word_1_522' title='bbox 542 4812 622 4868; x_wconf 86' lang='lat' dir='ltr'>abed.</span> <span class='ocrx_word' id='word_1_523' title='bbox 656 4810 682 4868; x_wconf 77' lang='lat'>5.</span> <span class='ocrx_word' id='word_1_524' title='bbox 698 4830 793 4864; x_wconf 80' lang='lat' dir='ltr'>messae</span> <span class='ocrx_word' id='word_1_525' title='bbox 807 4813 878 4886; x_wconf 75' lang='lat' dir='ltr'>fieri</span> <span class='ocrx_word' id='word_1_526' title='bbox 893 4813 953 4865; x_wconf 88' lang='lat' dir='ltr'>abc.</span> <span class='ocrx_word' id='word_1_527' title='bbox 970 4831 1026 4866; x_wconf 86' lang='lat' dir='ltr'>non</span> <span class='ocrx_word' id='word_1_528' title='bbox 1043 4809 1071 4866; x_wconf 86' lang='lat' dir='ltr'>d.</span> <span class='ocrx_word' id='word_1_529' title='bbox 1107 4808 1178 4864; x_wconf 85' lang='lat' dir='ltr'>lbid.</span> <span class='ocrx_word' id='word_1_530' title='bbox 1195 4811 1349 4881; x_wconf 77' lang='lat' dir='ltr'>defensionis</span> <span class='ocrx_word' id='word_1_531' title='bbox 1373 4810 1467 4861; x_wconf 77' lang='lat' dir='ltr'>salutis</span> <span class='ocrx_word' id='word_1_532' title='bbox 1489 4827 1529 4861; x_wconf 81' lang='lat' dir='ltr'>rc.</span> <span class='ocrx_word' id='word_1_533' title='bbox 1547 4829 1603 4864; x_wconf 86' lang='lat' dir='ltr'>non</span> <span class='ocrx_word' id='word_1_534' title='bbox 1621 4812 1669 4868; x_wconf 88' lang='lat' dir='ltr'>bd.</span> <span class='ocrx_word' id='word_1_535' title='bbox 1704 4816 1729 4870; x_wconf 88' lang='grc'>6.</span> <span class='ocrx_word' id='word_1_536' title='bbox 1747 4829 1896 4885; x_wconf 71' lang='lat' dir='ltr'>conparato</span> <span class='ocrx_word' id='word_1_537' title='bbox 1915 4836 1955 4871; x_wconf 84' lang='lat' dir='ltr'>ac.</span> <span class='ocrx_word' id='word_1_538' title='bbox 1976 4837 2029 4871; x_wconf 90' lang='lat' dir='ltr'>non</span> <span class='ocrx_word' id='word_1_539' title='bbox 2048 4819 2095 4874; x_wconf 85' lang='lat' dir='ltr'>bd.</span> 
     </span>
     <span class='ocr_line' id='line_1_44' title="bbox 310 4892 2097 4976; baseline 0.004 -26"><span class='ocrx_word' id='word_1_540' title='bbox 310 4895 336 4952; x_wconf 81' lang='grc'>7.</span> <span class='ocrx_word' id='word_1_541' title='bbox 354 4919 429 4970; x_wconf 82' lang='lat' dir='ltr'>quem</span> <span class='ocrx_word' id='word_1_542' title='bbox 452 4901 620 4954; x_wconf 72' lang='lat' dir='ltr'>lametula.</span> <span class='ocrx_word' id='word_1_543' title='bbox 653 4899 680 4954; x_wconf 84' lang='grc'>9.</span> <span class='ocrx_word' id='word_1_544' title='bbox 696 4912 814 4975; x_wconf 82' lang='lat' dir='ltr'>quaerat.</span> <span class='ocrx_word' id='word_1_545' title='bbox 849 4898 944 4971; x_wconf 82' lang='lat' dir='ltr'>Neque</span> <span class='ocrx_word' id='word_1_546' title='bbox 968 4897 1010 4950; x_wconf 75' lang='lat' dir='ltr'>lte</span> <span class='ocrx_word' id='word_1_547' title='bbox 1033 4893 1297 4963; x_wconf 52' lang='lat' dir='ltr'>nuntiator.</span> <span class='ocrx_word' id='word_1_548' title='bbox 1333 4892 1375 4949; x_wconf 87' lang='grc'>10.</span> <span class='ocrx_word' id='word_1_549' title='bbox 1392 4895 1442 4945; x_wconf 82' lang='lat' dir='ltr'>illa</span> <span class='ocrx_word' id='word_1_550' title='bbox 1465 4896 1517 4946; x_wconf 82' lang='lat' dir='ltr'>duo</span> <span class='ocrx_word' id='word_1_551' title='bbox 1540 4897 1583 4949; x_wconf 87' lang='lat' dir='ltr'>bc.</span> <span class='ocrx_word' id='word_1_552' title='bbox 1602 4917 1657 4952; x_wconf 90' lang='lat' dir='ltr'>non</span> <span class='ocrx_word' id='word_1_553' title='bbox 1676 4897 1703 4952; x_wconf 86' lang='lat' dir='ltr'>d.</span> <span class='ocrx_word' id='word_1_554' title='bbox 1738 4898 1779 4952; x_wconf 90' lang='grc'><strong>16.</strong></span> <span class='ocrx_word' id='word_1_555' title='bbox 1800 4899 1924 4956; x_wconf 78' lang='lat' dir='ltr'>bisbcd.</span> <span class='ocrx_word' id='word_1_556' title='bbox 1959 4903 2000 4954; x_wconf 86' lang='grc'>18.</span> <span class='ocrx_word' id='word_1_557' title='bbox 2018 4923 2097 4976; x_wconf 66' lang='grc' dir='ltr'>ψη</span> 
     </span>
     <span class='ocr_line' id='line_1_45' title="bbox 307 4980 2096 5061; baseline -0.001 -26"><span class='ocrx_word' id='word_1_558' title='bbox 307 5001 362 5056; x_wconf 81' lang='lat' dir='ltr'>pec.</span> <span class='ocrx_word' id='word_1_559' title='bbox 386 4983 404 5035; x_wconf 90' lang='lat' dir='ltr'>b</span> <span class='ocrx_word' id='word_1_560' title='bbox 428 4985 494 5039; x_wconf 81' lang='lat' dir='ltr'>sola.</span> <span class='ocrx_word' id='word_1_561' title='bbox 538 4984 582 5039; x_wconf 81' lang='grc'><strong>20.</strong></span> <span class='ocrx_word' id='word_1_562' title='bbox 598 4986 708 5038; x_wconf 83' lang='lat' dir='ltr'>illudere</span> <span class='ocrx_word' id='word_1_563' title='bbox 728 4984 777 5041; x_wconf 88' lang='lat' dir='ltr'>bd.</span> <span class='ocrx_word' id='word_1_564' title='bbox 801 4985 850 5038; x_wconf 83' lang='lat' dir='ltr'>laoc</span> <span class='ocrx_word' id='word_1_565' title='bbox 871 4987 909 5036; x_wconf 85' lang='lat' dir='ltr'>sio</span> <span class='ocrx_word' id='word_1_566' title='bbox 934 4983 1062 5035; x_wconf 80' lang='lat' dir='ltr'>includere</span> <span class='ocrx_word' id='word_1_567' title='bbox 1079 5001 1104 5036; x_wconf 89' lang='lat' dir='ltr'>e.</span> <span class='ocrx_word' id='word_1_568' title='bbox 1138 4982 1179 5033; x_wconf 89' lang='grc'>22.</span> <span class='ocrx_word' id='word_1_569' title='bbox 1202 4980 1233 5033; x_wconf 83' lang='lat' dir='ltr'>tu·</span> <span class='ocrx_word' id='word_1_570' title='bbox 1248 4980 1310 5035; x_wconf 87' lang='lat' dir='ltr'>bed.</span> <span class='ocrx_word' id='word_1_571' title='bbox 1345 4980 1467 5035; x_wconf 64' lang='lat' dir='ltr'>aarum</span> <span class='ocrx_word' id='word_1_572' title='bbox 1490 4981 1608 5035; x_wconf 71' lang='lat' dir='ltr'>elevabis</span> <span class='ocrx_word' id='word_1_573' title='bbox 1626 4983 1725 5039; x_wconf 84' lang='lat' dir='ltr'>caola.</span> <span class='ocrx_word' id='word_1_574' title='bbox 1761 4985 1804 5038; x_wconf 75' lang='grc'><strong>20.</strong></span> <span class='ocrx_word' id='word_1_575' title='bbox 1822 4991 1969 5038; x_wconf 80' lang='lat' dir='ltr'>timetis-</span> <span class='ocrx_word' id='word_1_576' title='bbox 1985 5012 2021 5025; x_wconf 91' lang='lat'>·-</span> <span class='ocrx_word' id='word_1_577' title='bbox 2035 5011 2096 5061; x_wconf 55' lang='lat' dir='ltr'>pff.</span> 
     </span>
     <span class='ocr_line' id='line_1_46' title="bbox 311 5067 2096 5139; baseline -0.001 -19"><span class='ocrx_word' id='word_1_578' title='bbox 311 5073 445 5120; x_wconf 83' lang='lat' dir='ltr'>timcrcunt</span> <span class='ocrx_word' id='word_1_579' title='bbox 462 5069 505 5122; x_wconf 91' lang='lat' dir='ltr'>bc.</span> <span class='ocrx_word' id='word_1_580' title='bbox 523 5087 581 5120; x_wconf 90' lang='lat' dir='ltr'>non</span> <span class='ocrx_word' id='word_1_581' title='bbox 599 5068 629 5123; x_wconf 89' lang='lat' dir='ltr'>d.</span> <span class='ocrx_word' id='word_1_582' title='bbox 662 5069 705 5125; x_wconf 76' lang='lat'>25.</span> <span class='ocrx_word' id='word_1_583' title='bbox 722 5072 804 5122; x_wconf 84' lang='lat' dir='ltr'>aedili</span> <span class='ocrx_word' id='word_1_584' title='bbox 819 5073 862 5123; x_wconf 90' lang='lat' dir='ltr'>be.</span> <span class='ocrx_word' id='word_1_585' title='bbox 881 5087 939 5121; x_wconf 89' lang='lat' dir='ltr'>non</span> <span class='ocrx_word' id='word_1_586' title='bbox 957 5067 986 5123; x_wconf 84' lang='lat' dir='ltr'>d.</span> <span class='ocrx_word' id='word_1_587' title='bbox 1021 5068 1063 5121; x_wconf 86' lang='grc'><strong>28.</strong></span> <span class='ocrx_word' id='word_1_588' title='bbox 1080 5071 1129 5139; x_wconf 80' lang='lat' dir='ltr'>qui</span> <span class='ocrx_word' id='word_1_589' title='bbox 1150 5068 1239 5118; x_wconf 80' lang='lat' dir='ltr'>domus</span> <span class='ocrx_word' id='word_1_590' title='bbox 1263 5070 1299 5120; x_wconf 83' lang='lat' dir='ltr'>in.</span> <span class='ocrx_word' id='word_1_591' title='bbox 1316 5082 1421 5117; x_wconf 82' lang='lat' dir='ltr'>suoram</span> <span class='ocrx_word' id='word_1_592' title='bbox 1438 5082 1492 5119; x_wconf 89' lang='lat' dir='ltr'>om.</span> <span class='ocrx_word' id='word_1_593' title='bbox 1510 5085 1532 5119; x_wconf 88' lang='lat' dir='ltr'>a.</span> <span class='ocrx_word' id='word_1_594' title='bbox 1568 5069 1611 5123; x_wconf 85' lang='grc'>30.</span> <span class='ocrx_word' id='word_1_595' title='bbox 1629 5070 1757 5122; x_wconf 65' lang='lat' dir='ltr'>radicibus</span> <span class='ocrx_word' id='word_1_596' title='bbox 1774 5089 1788 5122; x_wconf 91' lang='lat' dir='ltr'>a</span> <span class='ocrx_word' id='word_1_597' title='bbox 1806 5074 1873 5125; x_wconf 84' lang='lat' dir='ltr'>sola.</span> <span class='ocrx_word' id='word_1_598' title='bbox 1909 5071 1981 5128; x_wconf 86' lang='lat' dir='ltr'>lbid.</span> <span class='ocrx_word' id='word_1_599' title='bbox 2000 5078 2096 5128; x_wconf 72' lang='lat' dir='ltr'>radun.</span> 
     </span>
     <span class='ocr_line' id='line_1_47' title="bbox 195 5151 2095 5232; baseline 0.005 -25"><span class='ocrx_word' id='word_1_600' title='bbox 195 5173 198 5179; x_wconf 91' lang='lat'>·</span> <span class='ocrx_word' id='word_1_601' title='bbox 308 5156 373 5207; x_wconf 82' lang='lat' dir='ltr'>dana</span> <span class='ocrx_word' id='word_1_602' title='bbox 396 5153 491 5204; x_wconf 84' lang='lat' dir='ltr'>volitat</span> <span class='ocrx_word' id='word_1_603' title='bbox 513 5153 617 5202; x_wconf 78' lang='lat' dir='ltr'>uadibus</span> <span class='ocrx_word' id='word_1_604' title='bbox 640 5167 744 5206; x_wconf 74' lang='lat' dir='ltr'>coemat</span> <span class='ocrx_word' id='word_1_605' title='bbox 761 5173 776 5206; x_wconf 92' lang='lat' dir='ltr'>a</span> <span class='ocrx_word' id='word_1_606' title='bbox 793 5156 861 5209; x_wconf 86' lang='lat' dir='ltr'>sola.</span> <span class='ocrx_word' id='word_1_607' title='bbox 896 5153 938 5215; x_wconf 72' lang='lat'>32</span> <span class='ocrx_word' id='word_1_608' title='bbox 956 5156 1047 5229; x_wconf 81' lang='lat' dir='ltr'>aliquo</span> <span class='ocrx_word' id='word_1_609' title='bbox 1066 5166 1144 5226; x_wconf 80' lang='lat' dir='ltr'>parte</span> <span class='ocrx_word' id='word_1_610' title='bbox 1160 5173 1174 5206; x_wconf 88' lang='lat' dir='ltr'>a</span> <span class='ocrx_word' id='word_1_611' title='bbox 1193 5152 1258 5208; x_wconf 82' lang='lat' dir='ltr'>tola.</span> <span class='ocrx_word' id='word_1_612' title='bbox 1294 5152 1335 5205; x_wconf 80' lang='lat'>33.</span> <span class='ocrx_word' id='word_1_613' title='bbox 1352 5161 1391 5203; x_wconf 81' lang='lat' dir='ltr'>est</span> <span class='ocrx_word' id='word_1_614' title='bbox 1407 5169 1433 5203; x_wconf 81' lang='lat' dir='ltr'>se</span> <span class='ocrx_word' id='word_1_615' title='bbox 1449 5172 1463 5205; x_wconf 81' lang='lat' dir='ltr'>a</span> <span class='ocrx_word' id='word_1_616' title='bbox 1481 5154 1547 5207; x_wconf 83' lang='lat' dir='ltr'>sola.</span> <span class='ocrx_word' id='word_1_617' title='bbox 1584 5151 1656 5206; x_wconf 89' lang='lat' dir='ltr'>lbid.</span> <span class='ocrx_word' id='word_1_618' title='bbox 1678 5156 1826 5208; x_wconf 68' lang='lat' dir='ltr'>attonitus</span> <span class='ocrx_word' id='word_1_619' title='bbox 1851 5161 2018 5232; x_wconf 80' lang='lat' dir='ltr'>auspiciaque</span> <span class='ocrx_word' id='word_1_620' title='bbox 2035 5161 2095 5216; x_wconf 81' lang='lat' dir='ltr'>aba.</span> 
     </span>
     <span class='ocr_line' id='line_1_48' title="bbox 311 5233 870 5304; baseline 0 -12"><span class='ocrx_word' id='word_1_621' title='bbox 311 5257 367 5293; x_wconf 87' lang='lat' dir='ltr'>aon</span> <span class='ocrx_word' id='word_1_622' title='bbox 383 5237 411 5293; x_wconf 88' lang='lat' dir='ltr'>d.</span> <span class='ocrx_word' id='word_1_623' title='bbox 449 5234 492 5293; x_wconf 81' lang='lat'>³8.</span> <span class='ocrx_word' id='word_1_624' title='bbox 508 5233 594 5304; x_wconf 70' lang='lat' dir='ltr'>officio</span> <span class='ocrx_word' id='word_1_625' title='bbox 611 5248 694 5290; x_wconf 73' lang='lat' dir='ltr'>vestro</span> <span class='ocrx_word' id='word_1_626' title='bbox 711 5236 738 5292; x_wconf 88' lang='lat' dir='ltr'>d.</span> <span class='ocrx_word' id='word_1_627' title='bbox 756 5257 810 5293; x_wconf 86' lang='lat' dir='ltr'>non</span> <span class='ocrx_word' id='word_1_628' title='bbox 828 5241 870 5292; x_wconf 86' lang='lat' dir='ltr'>bc.</span> 
     </span>
    </p>
   </div>
   <div class='ocr_carea' id='block_1_6' title="bbox 0 0 2374 6068">
    <p class='ocr_par' dir='ltr' id='par_1_12' title="bbox 0 0 2374 6068">
     <span class='ocr_line' id='line_1_49' title="bbox 0 0 2374 6068; baseline 0 7"><span class='ocrx_word' id='word_1_629' title='bbox 0 0 2374 6068; x_wconf 95' lang='lat' dir='ltr'> </span> 
     </span>
    </p>
   </div>
  </div>
 </body>
</html>
