4740 6068
317 373 367 446 28

314 560 433 621 volunt
458 555 557 619 etiam
586 555 658 617 sine
684 550 844 636 dignitate
871 549 1030 630 retinere,
1059 549 1126 632 ipsi
1151 558 1330 631 utrumque
1355 548 1516 613 amittant.
1560 571 1627 614 ror.
1646 553 1913 636 Propugnatores
1931 561 2040 614 autem
2061 552 2113 615 rei

314 660 470 744 publicae
498 659 557 739 qui
584 677 656 720 esse
683 658 879 735 voluerunt,
902 654 933 718 si
950 654 1094 719 leviores
1113 664 1210 736 sunt,
1233 654 1442 733 desciscunt3
1465 654 1495 718 si
1521 652 1723 729 timidiores,
1750 657 1888 718 daunt:
1915 666 2112 736 permanent

314 763 365 826 illi
384 763 450 826 soli
469 774 569 842 atque
590 763 705 825 omnia
721 759 772 825 rei
791 759 944 842 publicae
964 778 1062 823 causa
1081 758 1266 841 perierunt,
1287 757 1442 837 quissent
1461 759 1555 839 tales,
1576 758 1684 838 qualis
1696 768 1790 841 pater
1804 768 1892 834 tuus,
1913 763 1959 822 M.
1972 763 2111 840 Scaure,

314 867 396 947 t'uit,
424 865 485 946 qui
508 887 529 928 a
555 869 591 931 C.
617 865 767 929 Graccho
795 884 902 943 usque
921 866 965 926 ad
985 866 1026 948 Q.
1045 862 1184 927 Varium
1203 861 1370 927 seditiosis
1390 862 1546 931 omnibus
1566 861 1700 942 restitit,
1729 884 1830 942 queen
1850 884 2021 943 nunquam
2042 865 2112 926 ulla

277 979 298 1042 5
316 971 381 1051 ris,
400 971 489 1032 ullae
508 968 632 1052 mbae,
653 971 722 1032 ulls
740 966 867 1031 invidia
885 966 1057 1033 labefecit:
1082 977 1141 1030 aut
1160 964 1269 1047 qualis
1283 964 1327 1051 Q.
1348 966 1518 1050 Metellus,
1537 975 1676 1050 paraus
1693 967 1807 1031 matris
1827 978 1918 1046 tuae;
1941 967 2016 1048 qui,
2037 989 2110 1030 cum

313 1079 487 1138 florentem
513 1073 684 1137 hominem
711 1073 746 1135 in
774 1071 931 1154 populari
955 1070 1104 1152 ratione,
1132 1072 1171 1135 1.
1201 1069 1435 1145 Saturninum.
1460 1091 1578 1136 censor
1604 1081 1749 1136 notasset
1776 1092 1919 1151 cumque
1938 1071 2119 1134 insitivum·

316 1182 501 1243 Gracchum
523 1188 639 1241 contra
660 1174 970 1241 vim-multitudinis
988 1175 1145 1241 incitatae
1162 1195 1262 1239 censu
1283 1175 1511 1257 prohibuisset
1536 1196 1682 1257 cumque
1701 1175 1738 1237 in
1758 1195 1830 1237 eam
1850 1176 1980 1258 legem,
2008 1194 2108 1254 quam

314 1304 384 1346 non
403 1283 476 1346 iure
496 1293 647 1366 rogatam
665 1281 845 1362 iudicarat,
865 1283 976 1344 iurare
994 1298 1084 1345 unus
1102 1279 1285 1362 noluisset,
1303 1283 1347 1344 dc
1366 1280 1497 1344 civitate
1518 1282 1634 1344 maluit
1646 1300 1748 1361 quam
1760 1281 1805 1343 de
1819 1278 2110 1343 sententia‘demo-

298 1389 401 1468 «νοτὶς
425 1397 499 1467 aut,
527 1390 579 1467 (ut
595 1397 709 1450 vetera
729 1387 901 1467 exempla,
925 1405 1071 1466 quorum
1087 1393 1140 1453 est
1160 1385 1257 1467 copia
1278 1385 1380 1470 digna
1398 1384 1499 1447 huius
1520 1384 1642 1467 imperi
1661 1383 1786 1469 gloria,
1815 1382 2001 1460 relinquam
2022 1401 2110 1443 neve

254 1506 294 1571 10
315 1511 431 1555 eorum
451 1492 614 1571 aliquem,
641 1491 701 1570 qui
720 1489 853 1571 vivunt,
878 1491 1089 1571 nominem,)
1108 1490 1217 1570 qualis
1242 1511 1351 1573 nuper
1374 1492 1415 1573 Ω.
1436 1491 1571 1552 Catulus
1597 1488 1677 1569 iuit,
1704 1509 1804 1567 quem
1830 1507 1939 1566 neque
1965 1485 2108 1567 periculi

312 1605 490 1677 temnentes
510 1613 619 1674 neque
638 1594 777 1659 honoris
797 1614 878 1659 aura
895 1594 1006 1678 potuit
1026 1612 1174 1674 unquam
1196 1597 1239 1658 de
1258 1613 1321 1656 suo
1342 1613 1439 1656 eursu
1460 1603 1517 1655 aut
1536 1613 1597 1675 spe
1616 1603 1673 1655 aut
1690 1604 1780 1656 metu
1801 1595 1989 1656 demovere.

391 1680 544 1761 Xhlllll.
588 1719 657 1765 roa.
677 1702 768 1762 llaec
794 1698 986 1779 imitamini,
1017 1719 1079 1781 per
1103 1701 1186 1763 deos
1212 1697 1431 1761 immortalis!
1458 1697 1518 1778 qui
1543 1697 1758 1781 dignitatem,
1774 1698 1845 1777 -qui
1865 1698 2018 1776 laudem,
2047 1694 2107 1774 qui

310 1801 453 1887 gloriam
474 1803 641 1884 quaeritis.
681 1807 773 1868 Haec
792 1802 907 1886 ampla
924 1813 1015 1885 sunt,
1042 1805 1125 1867 haec
1144 1803 1276 1885 divina,
1303 1805 1387 1866 haec
1414 1801 1634 1869 immomtlia:
1660 1803 1743 1865 baec
1765 1799 1852 1867 sama
1879 1801 2110 1875 celebramur,

248 1942 249 1947 κ
310 1909 537 1972 monumentis
561 1907 731 1972 annalium
755 1910 972 1992 mandantur,
998 1907 1184 1992 posteritati
1208 1915 1449 1991 propagantur.
1495 1909 1553 1970 Est
1576 1907 1693 1985 labors
1718 1924 1789 1969 non
1817 1922 1928 1989 pago:
1957 1901 2107 1985 pericula

253 2014 293 2078 15
312 2031 451 2096 magna,
471 2013 588 2079 fateor.

324 2194 327 2199 ,
389 2118 529 2181 Multae
549 2113 698 2184 Insidiae
716 2128 800 2184 sunt
820 2116 940 2184 bonis.-

307 2222 493 2285 verissume
512 2224 637 2287 dictum
658 2234 717 2286 cst.
758 2227 813 2282 Set
1145 2299 1148 2302 ἡ

386 2325 435 2381 Te
456 2318 510 2389 id.
530 2308 750 2395 quod-multi
768 2307 947 2374 invideant
966 2309 1135 2394 multique
1155 2317 1336 2395 expetant,
1355 2304 1498 2375 inscitia
1518 2321 1589 2387 ert,
1610 2311 1740 2394 inquit,

387 2418 598 2492 Postulare,
619 2412 654 2480 si
672 2417 827 2479 laborem
845 2436 983 2478 summa
1002 2436 1081 2479 cum
1101 2437 1190 2480 cura
1210 2411 1343 2505 ecferas

247 2539 291 2604 20
388 2524 543 2592 Nullum.

303 2634 399 2695 ldem
419 2630 486 2692 alio
508 2631 584 2703 loco
605 2624 701 2706 dixit,
721 2625 815 2705 quod
834 2623 1023 2705 exciperent
1036 2623 1184 2705 improbi
1204 2624 1307 2706 cives,
1326 2622 1486 2702 Oderint,
1508 2626 1592 2690 dum
1608 2633 1775 2689 metuant.
1817 2626 1991 2689 Praeclara
2006 2626 2095 2689 enim

304 2736 362 2800 illa
381 2741 559 2819 praecepta
578 2733 714 2793 dederat
732 2725 906 2790 iuventuti.
950 2734 1017 2792 103.
1038 2728 1092 2789 Set
1113 2737 1223 2790 tamen
1239 2729 1324 2795 haec
1343 2729 1416 2811 ria,
1435 2734 1518 2797 baec
1536 2731 1622 2794 ratio
1644 2731 1693 2792 rei
1711 2729 1867 2810 publicae
1879 2733 2102 2811 capessendae

307 2839 389 2905 olim
409 2848 478 2902 erat
498 2836 604 2921 magis
623 2832 906 2915 pertimescenda,
934 2851 1010 2894 cren
1030 2832 1143 2895 multis
1163 2833 1199 2895 in
1218 2835 1319 2900 rebus
1337 2834 1560 2901 multitudinis
1581 2835 1729 2900 studium
1750 2852 1789 2896 ac
1808 2832 1929 2916 populi
1949 2853 2098 2896 commo-

305 2947 387 3006 dum
406 2945 449 3004 ab
471 2926 621 3002 utilitate
631 2935 681 2998 rei
699 2932 853 3017 publicae
871 2934 1089 3016 discrepabat.
1128 2938 1314 3005 Tabellaria
1325 2945 1381 3006 lex
1394 2945 1436 3005 ab
1450 2942 1489 3005 L.
1502 2940 1615 3005 Cassio
1627 2940 1805 3004 ferebatur.
1835 2942 1985 3022 Populus
1998 2941 2099 3003 liber·

245 3049 289 3113 25
308 3055 407 3109 tatem
420 3042 625 3127 agiputahat
640 3059 746 3104 suam.
785 3039 1030 3103 Dissentiebant
1047 3039 1215 3123 principes
1235 3054 1269 3107 et
1289 3046 1327 3108 in
1347 3047 1453 3107 salute
1472 3042 1693 3124 optumatium
1714 3042 1930 3106 temeritatem
1951 3046 2100 3107 multitu-

301 3149 389 3212 dinis
409 3157 443 3212 et
464 3136 609 3211 tabellae
624 3143 792 3209 licentiam
812 3142 1099 3225 pertimescebant.
1138 3146 1309 3230 Agrariam
1327 3149 1379 3212 Ti.
1401 3151 1568 3213 Gracchus
1588 3151 1697 3234 legem
1723 3149 1861 3211 terebat.
1903 3152 2004 3212 Grata
2029 3159 2099 3211 erat

301 3255 451 3339 populo:
470 3252 625 3316 fortunae
645 3245 805 3312 constitui
826 3247 1018 3311 tenuiorum
1038 3249 1246 3318 videbantur.
1287 3253 1484 3319 Nitebautur
1503 3264 1619 3320 contra
1638 3263 1845 3338 optumates,
1866 3257 1961 3334 quod
1981 3263 2013 3316 et
2033 3253 2100 3317 dis·

301 3361 451 3423 cordiam
478 3355 614 3422 excitari
639 3354 801 3416 videbant
829 3360 878 3432 et,
908 3372 985 3415 cum
1014 3354 1197 3434 locupletes
1221 3358 1491 3439 possessionibus
1511 3357 1676 3421 diuturnis
1700 3369 1929 3440 moverentur,
1959 3359 2098 3440 spoliari

301 3461 561 3544 rempublicam
581 3452 890 3541 propugnatoribus
911 3454 1165 3520 arbitrabantur.
1205 3463 1465 3527 Frumentariam
1488 3467 1596 3548 legem
1618 3466 1653 3531 C.
1672 3466 1841 3527 Gracchus
1864 3463 2001 3529 ferebat.
2041 3465 2097 3526 Iu-

242 3575 283 3642 30
303 3566 412 3629 cunda
432 3583 486 3625 res
506 3562 637 3644 plebei,
664 3561 770 3622 victus
791 3559 880 3623 enim
900 3559 1175 3643 suppeditabatur
1192 3565 1285 3650 large
1305 3568 1376 3630 sine
1394 3569 1523 3635 labore.
1563 3569 1806 3651 Repuguabant
1827 3569 1923 3648 boni,
1950 3570 2043 3647 quod
2064 3579 2096 3630 et

299 3671 343 3734 ab
363 3666 681 3748 industriaplebem
701 3666 745 3726 ad
766 3663 926 3726 desidiam
943 3666 1081 3728 avocari
1098 3670 1261 3748 putabant
1282 3679 1315 3733 et
1333 3671 1498 3735 aerarium
1518 3669 1689 3734 exhauriri
1707 3670 1893 3733 ridebatur.

378 3774 496 3837 XLIX.
537 3772 643 3833 Multa
663 3769 761 3833 etiam
780 3779 897 3832 nostra
915 3771 1092 3854 memoria,
1111 3792 1199 3853 quae
1218 3777 1373 3839 consulto
1393 3783 1582 3857 praetereo,
1599 3773 1735 3837 fuerunt
1753 3773 1789 3834 in
1809 3792 1848 3837 ea
1869 3773 2096 3854 contentione,

234 3944 239 3951 ,
298 3887 336 3941 ut
354 3875 528 3962 popularis
548 3874 745 3957 cupiditasa
758 3874 899 3938 consilio
919 3875 1110 3958 principum
1129 3878 1316 3949 dissideret.
1359 3898 1425 3957 ros.
1446 3881 1542 3959 Nunc
1560 3878 1627 3941 iam
1649 3878 1733 3941 nihil
1753 3889 1818 3959 cst,
1839 3881 1933 3959 quod
1947 3881 2094 3961 populus

298 4004 319 4048 a
338 3978 474 4046 delectis
493 3979 768 4063 principibusque
787 3977 974 4043 dissentiat:
998 4001 1060 4044 nee
1080 3981 1205 4067 flagitat
1224 4005 1296 4047 rem
1316 3985 1421 4047 ullam
1440 4003 1550 4062 neque
1570 4003 1732 4046 novarum
1753 4005 1866 4047 rerum
1887 3993 1936 4047 est
1954 3982 2095 4063 cupidus

239 4102 284 4169 35
299 4095 332 4150 et
352 4087 422 4151 otio
444 4104 507 4150 suo
528 4095 561 4149 et
581 4083 739 4170 dignitate
759 4083 889 4165 optumi
914 4083 1075 4166 cuiusque
1100 4096 1133 4150 et
1158 4087 1333 4153 universae
1359 4087 1593 4171 rcimpuhlicae
1611 4087 1721 4171 gloria
1746 4090 1936 4152 delectatur.
1976 4086 2095 4166 ltaque
2134 4142 2137 4148 .

296 4188 451 4252 homines
471 4187 622 4252 seditiosi
641 4208 679 4251 ac
698 4186 900 4270 turbulenti,
926 4188 1008 4268 quia
1030 4192 1125 4254 nulla
1149 4188 1217 4256 iam
1236 4188 1413 4277 largitione
1426 4170 1596 4274 'populum
1617 4194 1806 4256 Romanum
1827 4191 1993 4256 concitare
2013 4210 2093 4273 pos·

215 4444 219 4450 ’
271 4476 273 4480 ⁴
364 4413 449 4470 ERN.
482 4414 507 4468 ⁵.
526 4417 603 4468 nulla
620 4438 652 4452 -
671 4437 702 4453 -·
720 4417 809 4468 nullae
825 4438 861 4454 ··
876 4417 953 4469 mila
981 4415 1024 4472 17.
1043 4417 1139 4473 Poetae
1161 4416 1295 4472 albetine
1314 4414 1375 4473 Sed.
1409 4417 1452 4472 18.
1469 4421 1572 4471 machia
1595 4423 1631 4470 rit
1665 4418 1707 4471 22.
1727 4417 1764 4468 ad
1783 4419 1879 4488 papale·
1913 4415 1957 4472 22.
1976 4435 2007 4470 aa
2035 4419 2088 4469 dis·

295 4501 410 4555 cordiam
442 4496 486 4552 30.
499 4499 574 4570 plebi
588 4501 719 4554 Romanae
734 4498 832 4573 (nabet
843 4503 878 4559 A.
890 4500 947 4568 bo.)

262 4620 268 4631 ’
301 4658 305 4663 ·
364 4625 491 4680 Lecl'r.
526 4624 605 4681 abed
641 4626 667 4678 ³.
690 4628 827 4682 misaam
850 4635 937 4685 omnia
959 4628 1057 4684 mediis
1080 4630 1186 4685 omittis
1210 4647 1235 4683 a.
1264 4627 1341 4683 ibid.
1364 4631 1484 4681 doemunt
1508 4646 1533 4680 a.
1554 4644 1610 4680 non
1633 4625 1682 4684 bd.
1720 4629 1799 4681 1.αᾶ
1823 4627 1852 4681 0.
1875 4627 1995 4681 Marium
2021 4629 2085 4683 hed.
2135 4626 2141 4631 ⁵

294 4711 368 4766 lbid.
384 4718 433 4786 qai
447 4713 573 4766 sediciosis
589 4729 682 4764 mance
698 4729 722 4764 a.
756 4713 780 4765 5.
799 4717 1066 4769 nulla--nullae
1085 4739 1115 4753 -·
1133 4715 1210 4766 natta
1226 4712 1289 4767 bed.
1323 4712 1397 4772 Ibid.
1415 4725 1488 4774 tace,
1504 4717 1553 4785 qui
1568 4713 1718 4764 decivitate
1731 4730 1824 4765 mance
1841 4730 1865 4765 a.
1902 4712 1929 4765 6.
1947 4718 2087 4767 imititiane

293 4813 385 4850 tanon
396 4796 444 4851 bd.
474 4797 498 4850 7.
517 4797 932 4859 minuebeeneubmoed.
960 4801 1002 4854 11.
1014 4819 1091 4852 eursu
1102 4802 1174 4851 uitae
1185 4811 1233 4851 aut
1243 4817 1285 4854 ac.
1295 4814 1351 4850 oon
1364 4795 1413 4850 bd.
1441 4795 1514 4849 ibid.
1525 4795 1744 4850 diorcoernbcd.
1778 4797 1820 4849 13.
1839 4797 2085 4855 haccimmortalia.

187 4939 189 4943 .
294 4879 563 4936 baadiurnaasola.
598 4881 641 4935 14.
654 4894 843 4955 propagantur.
878 4882 959 4937 Nune
970 4883 1156 4953 naimesalttt
1165 4881 1316 4949 (§.106)a.
1349 4878 1392 4936 17.
1408 4881 1676 4953 aadidqucdcsola.
1707 4881 1753 4934 18.
1768 4885 1872 4933 inscitia
1882 4886 1918 4935 sit
1931 4882 1980 4935 bd.
1992 4898 2047 4932 non
2060 4899 2086 4934 c.

292 4963 335 5018 19.
349 4964 527 5040 postulare*
559 4963 591 5020 Si
605 4971 632 5019 νί
647 4968 761 5021 labeum
777 4968 808 5022 b.
819 4968 996 5041 postulara‘
1029 4966 1061 5021 Se·
1076 4979 1106 5020 ta
1122 4967 1236 5020 laborm
1253 4964 1297 5020 cd.
1331 4966 1374 5020 22.
1390 4969 1433 5019 vie
1449 4962 1698 5031 ratio(A.)osola.
1733 4962 1808 5018 ibid.
1826 4966 1992 5037 capessendae
2006 4963 2084 5016 toda

292 5060 349 5101 erat
365 5045 460 5101 dsola.
484 5049 527 5105 21.
543 5050 581 5101 ad
592 5053 688 5122 populi
697 5051 758 5105 bed.
793 5052 837 5108 26.
858 5051 891 5104 Τ.
906 5051 1039 5105 Gracchus
1050 5050 1114 5105 bed.
1149 5050 1192 5104 27.
1209 5053 1372 5105 videbamur.
1395 5063 1486 5102 conve
1503 5050 1547 5105 be.
1560 5067 1616 5101 non
1628 5047 1656 5104 d.
1682 5047 1758 5107 ibid.
1773 5047 2083 5104 eadacordianedsola.
2123 5100 2126 5105 .

293 5132 569 5205 to.p10tsttcnam
586 5133 605 5186 d
621 5135 688 5189 sola.
723 5136 766 5191 32.
783 5143 918 5199 marra,
937 5139 1053 5190 consulta
1071 5155 1087 5189 a
1103 5135 1170 5192 tole.
1205 5136 1248 5190 31.
1265 5134 1347 5189 Nm
1363 5147 1448 5187 umen
1464 5135 1534 5188 nibil
1544 5134 1637 5190 ceola.

365 5259 491 5316 sumu.
508 5259 602 5317 ΜΕΜ.
635 5262 680 5319 22.
698 5262 761 5318 taos
776 5269 823 5319 vta
838 5265 1013 5336 reipublicae
1028 5262 1195 5336 Hadrlgias.
1228 5262 1341 5318 Helian:
1365 5261 1430 5318 hee
1446 5267 1489 5318 νὶο
1502 5281 1534 5318 aa
1550 5267 1629 5318 retia
