4740 6068
2009 373 2133 446 25'

264 552 475 635 auctoritate,
501 554 620 638 agebat
640 551 800 633 consilio,
825 552 944 638 agebat
963 570 1026 635 per
1045 569 1214 616 summum
1234 551 1410 634 ordinem,
1436 555 1554 638 agebat
1574 556 1729 636 exemplo
1747 557 1917 621 honorum
1927 577 1975 649 up
1991 557 2063 622 ior·

263 658 345 719 tium
366 657 501 720 civium:
522 658 605 739 quid
623 676 661 721 re
677 653 829 739 publica,
849 656 932 736 quid
949 677 987 720 se
1006 657 1141 743 dignum
1154 667 1256 738 esset,
1276 657 1351 738 quis
1369 657 1443 740 ipse
1462 666 1562 739 esset,
1582 659 1665 740 quid
1684 680 1835 743 sperare,
1855 663 1936 743 quid
1955 664 2060 732 meio-
2168 714 2171 719 .

261 761 355 825 ribus
374 759 447 823 suis
463 762 602 823 reddere
621 760 780 840 deberet,
799 759 1061 845 diligentissume
1080 763 1257 846 cogitabat.

345 865 430 930 XLI.
473 871 521 930 88.
543 864 630 927 Huic
656 863 809 949 gravitati
829 864 972 928 hominis
992 867 1126 928 ridehst
1144 864 1203 927 ille
1221 865 1387 950 gladiator
1407 886 1463 946 se,
1482 866 1512 928 si
1532 866 1680 930 moribus
1701 877 1832 952 ageret,
1850 888 1966 952 parem
1986 890 2060 934 esse
2110 948 2115 953 Ι

262 986 332 1031 non
351 986 473 1051 posse:
501 971 544 1030 ad
566 968 707 1048 serrum,
738 971 783 1031 ad
803 968 902 1051 iscis,
921 971 966 1032 ad
985 968 1212 1048 quotidianam
1233 972 1386 1051 caedem,
1412 970 1586 1047 incendia,
1608 969 1741 1052 rapinas
1760 991 1797 1034 se
1816 993 1893 1035 oum
1913 972 2054 1036 exercitu
2075 969 2097 1034 5

259 1092 322 1135 suo
348 1072 507 1135 contulit:
534 1075 678 1135 domum·
702 1092 919 1157 oppugnare,
943 1070 1116 1136 itineribus
1143 1092 1334 1154 occurrere,
1364 1073 1397 1135 vi
1424 1075 1585 1137 lacessere
1611 1086 1644 1139 et
1669 1085 1793 1141 terrere
1819 1075 1940 1159 coepit.
1983 1079 2061 1140 Nou

218 1226 221 1231 .
259 1176 366 1239 morit
385 1176 552 1240 hominem
573 1197 702 1240 summa
726 1178 889 1262 gravitate
914 1196 1113 1260 summaque
1132 1179 1338 1241 constantia:
1368 1189 1418 1242 set
1445 1199 1645 1261 quamquam
1671 1182 1770 1244 dolor
1796 1180 1916 1263 animi,
1945 1179 2059 1244 innata

258 1279 413 1360 libertas,
432 1290 589 1362 prompta
608 1284 841 1363 excellensque
860 1268 964 1346 uirtus
981 1282 1211 1348 fortissumum
1230 1281 1339 1345 virum
1360 1285 1570 1365 hortabatur,
1590 1284 1625 1346 vi
1643 1284 1709 1346 vim
1732 1287 1892 1366 oblatam,
1911 1305 2058 1367 praesen·

260 1383 320 1447 tim
348 1384 502 1467 saepius,
533 1395 570 1447 ut
595 1385 762 1470 frangeret
789 1395 821 1450 et
847 1387 1024 1469 refutaret,
1052 1397 1143 1452 tanta
1168 1386 1355 1450 moderatio
1376 1386 1437 1448 fuit
1456 1387 1623 1468 hominis,
1650 1397 1776 1454 tantum
1803 1387 1994 1469 consilium,
2020 1396 2059 1450 ut

263 1489 447 1552 contineret
467 1491 621 1554 dolorem
642 1512 753 1572 neque
773 1494 891 1555 eadem
910 1511 947 1555 se
966 1513 1003 1557 re
1025 1493 1255 1572 ulcisceretur,
1275 1511 1342 1571 qua
1361 1500 1446 1554 esset
1464 1491 1653 1573 lacessitus,
1679 1501 1728 1555 set
1747 1493 1842 1555 illum
1862 1501 1912 1555 tot
1930 1492 1997 1563 iam
2017 1492 2053 1555 in
2075 1490 2117 1557 to

209 1587 211 1591 ’
256 1592 430 1657 funeribus
456 1595 506 1657 rei
532 1595 687 1677 publicae
717 1598 933 1661 exsultantem
961 1617 1000 1659 ac
1027 1595 1264 1679 tripudiantem
1289 1598 1420 1680 legum,
1448 1596 1479 1659 si
1503 1606 1635 1680 posset,
1661 1597 1789 1676 laqueis
1810 1596 2060 1680 constringeret.

257 1697 436 1760 Descendit
462 1699 506 1760 ad
531 1702 765 1764 accusandum.
808 1707 859 1786 89.
878 1700 960 1785 Quis
981 1720 1125 1779 unquam
1146 1709 1213 1763 tam
1231 1700 1369 1783 proprie
1389 1701 1437 1763 rei
1456 1701 1609 1782 publicae
1634 1703 1759 1764 causa?
1791 1700 1892 1763 nullis
1912 1699 2055 1767 inimici.

259 1801 334 1874 tiis,
357 1801 458 1869 nullis
479 1803 656 1884 praemiis,
677 1807 771 1868 nulla
791 1804 962 1868 hominum
983 1805 1208 1886 postulatione
1228 1803 1397 1867 autetiam
1410 1804 1571 1885 opinione
1582 1804 1618 1869 id
1631 1824 1779 1883 unquam
1793 1821 1866 1866 esse
1881 1803 2056 1872 iacturum.

260 1905 367 1968 Fracti
387 1917 481 1968 erant
500 1906 603 1969 animi
621 1908 781 1975 hominis.
823 1913 900 1973 Hos
919 1907 1009 1972 enim
1029 1920 1203 1972 accusante
1222 1908 1352 1991 pristini
1365 1908 1455 1971 illius
1470 1909 1522 1971 sui
1535 1908 1639 1973 iudici
1651 1904 1890 1990 turpitudinem
1903 1908 2059 1987 despera.-

257 2007 324 2070 bat.
363 2011 447 2070 Eece
467 2010 528 2071 tihi
546 2013 684 2089 consul,
711 2023 865 2090 praetor,
892 2012 1045 2075 tribunus
1070 2016 1118 2095 pl.
1139 2033 1230 2077 nova
1255 2014 1336 2076 novi
1355 2010 1486 2099 generis
1506 2012 1613 2078 edicta
1633 2020 1851 2097 proponunta
1874 2032 1945 2092 „un
1973 2030 2053 2074 nnus
2074 2015 2113 2080 15

256 2132 369 2185 austu,
398 2131 440 2171 sn
460 2131 624 2184 csrurun,
656 2130 698 2168 nr:
718 2129 929 2183 suessanus,
958 2132 1000 2168 us
1028 2135 1231 2179 ununronnm
1260 2140 1389 2183 omuino
1416 2140 1565 2198 cutonem
1593 2140 1735 2183 tunicum
1762 2139 1828 2187 aun
1849 2126 2047 2179 luntctontlnt

256 2221 542 2276 rscnnr:1.1cus·r.“
583 2212 673 2296 Quid
684 2222 796 2298 ageret
807 2214 859 2274 vir
877 2216 922 2275 ad
941 2213 1095 2274 virtutem
1117 2209 1311 2294 dignitatem
1332 2225 1474 2296 gloriam
1495 2237 1613 2302 natus,
1631 2223 1667 2286 vi
1687 2223 1923 2287 sceleratorum
1941 2215 2051 2280 homi.

254 2338 337 2383 uum
358 2319 593 2397 corroborata,
612 2317 745 2402 legibus
766 2315 962 2396 iudiciisque
980 2313 1144 2385 sublatis?
1169 2314 1319 2378 Cervices
1340 2315 1493 2381 tribunus
1510 2320 1561 2399 pl.
1576 2318 1722 2400 privato,
1744 2322 2053 2399 praestantissumus

253 2422 305 2484 vir
329 2421 612 2506 prolligafissumo
639 2417 766 2484 homini
791 2419 908 2480 daret?
941 2437 985 2480 an
1012 2435 1144 2481 causam
1172 2426 1360 2497 susceptam
1387 2419 1570 2503 affligeret?
1598 2442 1642 2485 au
1668 2442 1704 2484 se
1731 2421 1826 2483 domi
1845 2422 2053 2489 contineret?

253 2531 294 2590 Et
313 2527 401 2590 vinci
422 2540 518 2610 turpe
536 2526 664 2608 putavit
684 2534 717 2588 et
738 2523 897 2586 deterreri
916 2531 949 2585 et
967 2523 1081 2585 latere.
1122 2511 1283 2596 Perfecit,
1310 2529 1362 2601 ut,
1390 2522 1552 2601 quoniam
1577 2525 1642 2586 sibi
1665 2525 1702 2587 in
1726 2524 1824 2588 illum
1850 2525 1977 2610 legibus
1999 2524 2048 2588 uti
2069 2524 2110 2590 20

253 2651 324 2693 non
344 2632 472 2708 liceret,
495 2631 589 2693 illius
609 2630 673 2692 vim
692 2649 800 2708 neque
819 2628 855 2689 in
875 2646 939 2690 suo
958 2646 1068 2705 neque
1088 2625 1123 2687 iu
1142 2624 1194 2688 rei
1214 2624 1369 2706 publicae
1387 2626 1537 2707 periculo
1557 2627 1814 2709 pertimesceret.
1854 2673 1859 2683 .

334 2737 447 2800 XLII.
460 2761 512 2822 9ο.
529 2736 705 2820 Quomodo
726 2731 828 2817 igitur
847 2735 912 2795 hoc
930 2731 967 2794 in
991 2751 1113 2816 genere
1141 2728 1287 2812 praesidi
1313 2731 1497 2813 comparati
1517 2753 1651 2795 accusas
1669 2731 1829 2808 Sestium,
1859 2735 2047 2800 cumidem

253 2845 370 2907 laudes
391 2843 577 2905 Milonem?
606 2842 672 2919 An,
692 2838 751 2918 qui
770 2855 831 2899 sua
851 2847 936 2899 tecta
955 2834 1119 2917 defendit,
1139 2833 1199 2914 qui
1215 2837 1257 2898 ab
1280 2834 1346 2898 aris
1376 2834 1459 2898 focis
1489 2835 1615 2898 ferrum
1635 2840 1870 2916 flammamque
1895 2837 2051 2917 depellit,

253 2948 314 3027 qui
333 2947 396 3009 sihi
416 2946 515 3008 licere
534 2946 606 3007 solt
626 2955 697 3006 tuto
718 2961 790 3006 esse
808 2940 844 3002 in
864 2941 958 3021 iuro,
977 2939 1013 3001 in
1034 2941 1177 3022 templo,
1198 2938 1233 3000 in
1252 2940 1358 3020 curia,
1378 2940 1449 3002 iure
1469 2940 1672 3021 praesidium
1692 2949 1880 3022 comparat:
1901 2940 1961 3020 qui
1981 2941 2052 3001 vol-

254 3051 406 3132 neribus,
428 3068 516 3129 quae
534 3047 639 3111 cernit
658 3045 809 3127 quotidie
836 3054 907 3108 toto
931 3063 1093 3126 corpore,
1120 3053 1295 3124 monetur,
1322 3053 1358 3106 ut
1382 3044 1497 3124 aliquo
1524 3044 1691 3126 praesidio
1721 3052 1819 3126 caput
1845 3052 1877 3106 et
1904 3044 2046 3108 cervices
2066 3048 2108 3113 25

254 3166 285 3218 et
305 3154 456 3237 iugulum
477 3173 518 3216 ac
536 3153 640 3223 latera
659 3162 800 3229 tutetur,
818 3154 908 3215 hunc
928 3152 971 3213 de
990 3149 1025 3211 vi
1044 3149 1265 3211 accusandum
1286 3151 1408 3229 putas?
1433 3175 1482 3232 9¹·
1503 3149 1585 3232 Quis
1605 3149 1696 3212 enim
1716 3147 1884 3229 nostrilm,
1905 3148 2058 3228 iudices,¹

252 3262 385 3345 ignorat
406 3255 459 3321 ita.
471 3265 623 3319 naturam
642 3276 755 3318 rerum
777 3254 908 3335 tulisse,
929 3261 965 3314 ut
984 3255 1132 3332 quodam
1152 3263 1302 3334 tempore
1318 3253 1471 3317 homiues
1485 3256 1637 3317 nondum
1653 3274 1763 3333 neque
1782 3251 1926 3316 naturali
1938 3271 2048 3332 neque

253 3363 343 3425 cirili
360 3361 435 3424 iure
454 3360 620 3440 descripto
639 3359 707 3421 lusi
726 3380 788 3442 per
808 3378 906 3443 agros
926 3378 965 3420 ac
985 3355 1127 3438 dispersi
1145 3366 1344 3442 vagarentur
1358 3366 1554 3437 tantumque
1566 3359 1747 3438 haberent,
1768 3366 1929 3439 quantum
1945 3376 2047 3419 manu

252 3488 290 3530 ao
310 3466 436 3528 viribus
456 3464 667 3546 per··caedem
688 3483 726 3527 ac
745 3465 883 3551 volnere
902 3470 959 3523 aut
978 3459 1108 3541 eripere
1124 3471 1183 3522 aut
1202 3463 1343 3524 retinere
1362 3462 1574 3542 potuissent?
1602 3460 1669 3545 Qui
1687 3461 1789 3546 igitur
1807 3458 1909 3541 primi
1927 3458 2047 3522 virtute

252 3581 285 3633 et
310 3569 453 3633 consilio
479 3566 660 3651 praestanti
685 3567 896 3646 exstiterunt,
924 3564 948 3626 ii
973 3575 1148 3646 perspecto
1178 3586 1301 3648 genere
1328 3567 1494 3628 humanae
1519 3565 1694 3633 docilitatis
1713 3559 1813 3646 utque
1838 3563 1953 3648 ingeni
1978 3563 2045 3626 dis·
2063 3573 2105 3641 30

254 3675 379 3755 sipotos
399 3695 502 3736 unum
522 3673 560 3734 in
580 3675 688 3735 locum
710 3680 954 3756 congregarunt
974 3688 1099 3747 eosque
1119 3689 1159 3730 ex
1179 3667 1306 3731 feritate
1328 3668 1447 3731 illaad
1467 3669 1622 3732 iustitiam
1638 3679 1738 3750 atque
1760 3667 2048 3738 mansuetudinem

253 3780 521 3842 transduxerunt.
560 3780 644 3841 Tum
671 3796 724 3839 res
752 3795 962 3839 communem
989 3771 1159 3835 utilitatem
1186 3772 1409 3850 continentes,
1439 3792 1522 3851 quas
1547 3773 1698 3854 publicas
1724 3775 1947 3857 appellamus,
1976 3781 2047 3839 tum

257 3881 488 3946 conventicula
509 3881 702 3959 hominum,
727 3899 813 3959 quae
831 3889 948 3961 posteo
967 3877 1113 3940 civitates
1133 3875 1321 3938 nominatae
1341 3886 1433 3954 sunt,
1465 3887 1535 3939 tum
1556 3874 1724 3945 domicilia
1752 3876 1939 3958 coniuncta,
1964 3892 2047 3959 quas

253 3990 352 4050 urbes
374 3987 528 4065 dicimus,
546 3985 683 4047 invento
704 3994 736 4046 et
757 3981 872 4046 divino
890 3982 963 4046 iure
986 3991 1018 4046 et
1037 3984 1182 4046 humano
1210 3979 1385 4042 moenibus
1405 3972 1610 4059 saepseruni.
1623 3990 1700 4065 .'9a.
1718 3984 1825 4060 Atque
1850 3981 1937 4053 intes
1960 3981 2047 4041 hane

254 4092 353 4156 vitam
375 4092 576 4175 perpolitam
596 4089 797 4152 humanitate
817 4099 849 4151 et
868 4087 960 4150 illam
979 4087 1154 4150 immanem
1175 4085 1259 4147 nihil
1279 4094 1346 4145 tam
1365 4083 1503 4146 interest
1524 4078 1685 4162 quam'ius
1699 4083 1872 4163 atquevis.
1910 4085 2042 4145 Horum
2062 4095 2103 4163 35

251 4209 326 4261 utro
347 4199 396 4260 uti
416 4201 593 4277 nolumus,
626 4197 731 4259 altero
757 4203 806 4257 est
832 4193 1002 4255 utendum.
1044 4191 1119 4255 Vim
1144 4191 1301 4256 volumus
1327 4188 1516 4273 exstingui?
1549 4187 1603 4259 lus
1632 4190 1738 4261 valeat
1763 4207 1897 4253 necesse
1917 4197 1981 4266 est,
2010 4188 2046 4251 id
2094 4234 2101 4244 .

319 4370 402 4424 ERN.
438 4373 463 4424 1.
480 4386 504 4424 et
512 4375 631 4441 sortimn
656 4370 682 4423 3.
700 4375 829 4442 cogitarat
853 4369 878 4422 8.
899 4367 1072 4423 hortabantur
1096 4368 1138 4420 10.
1156 4373 1208 4419 iam
1216 4369 1359 4441 funeribus
1377 4367 1418 4421 20.
1437 4378 1461 4418 et
1478 4367 1608 4425 deterreri.
1625 4367 1713 4418 Etiam
1730 4386 1745 4418 e
1760 4386 1789 4425 re
1800 4366 2044 4437 pubiieueredidit,

251 4470 280 4509 ut
295 4455 334 4521 (et
351 4456 475 4508 deterreri
489 4468 514 4506 et
532 4458 620 4508 latere.
645 4454 777 4524 Perfecit,
795 4468 824 4506 ut
835 4452 991 4522 Madrigius
1003 4469 1017 4504 e
1029 4452 1148 4523 vestigiis
1166 4451 1316 4518 codicum.)
1337 4452 1378 4507 21.
1397 4455 1526 4503 incuria:
1543 4456 1592 4521 qui
1607 4455 1677 4502 uitae
1689 4454 1850 4519 praesidium
1872 4451 1917 4507 26.
1931 4465 2045 4504 uestram

249 4542 380 4603 (noenum
392 4539 486 4605 ABG.)
520 4542 562 4593 32.
580 4541 832 4591 rescdeommurrem
849 4541 1004 4596 utilitatem,
1023 4556 1088 4610 quas
1098 4535 1151 4603 (res
1168 4555 1325 4591 communem
1337 4539 1476 4588 utilitatem
1485 4540 1658 4597 continentes,
1675 4556 1741 4613 quoe
1752 4537 1810 4602 ab.)
1835 4538 1878 4592 31.
1896 4535 2044 4591 selum

250 4632 307 4679 iure
331 4625 374 4678 36.
392 4628 503 4678 nolimus
520 4626 651 4688 meumes
669 4623 759 4678 Ctdd.
779 4622 902 4690 Oneon.)

320 4717 446 4775 Luct't.
481 4717 559 4769 abed.
594 4718 619 4768 1.
634 4728 659 4767 et
668 4719 696 4785 f.
715 4717 759 4772 be.
775 4715 877 4770 nond.
913 4715 939 4768 6.
957 4715 1089 4768 terroreb
1106 4715 1172 4769 sols.
1206 4717 1231 4770 8.
1249 4716 1421 4779 hortabantur
1437 4716 1479 4768 hc.
1498 4733 1553 4767 uon
1572 4713 1600 4769 d.
1636 4715 1677 4768 19.
1694 4735 1728 4768 cn
1748 4735 1851 4767 eausam
1868 4740 1903 4753 -
1920 4738 1957 4757 ι-
1972 4715 2043 4767 domi

249 4810 389 4865 contineret
408 4820 462 4864 om.
485 4823 522 4866 c.‚
548 4819 615 4874 quae
632 4799 735 4855 hahent
752 4799 798 4854 bd.
834 4800 876 4853 20.
894 4813 919 4852 et
941 4801 1065 4852 deterreri
1086 4804 1163 4851 etiarn
1182 4800 1197 4833 *
1214 4804 1281 4871 eripi
1296 4804 1396 4851 reiecit:
1420 4812 1448 4850 ut
1471 4797 1534 4853 hed.
1571 4800 1615 4852 22.
1632 4803 1658 4851 in
1676 4796 1724 4851 doe
1740 4801 1798 4865 ohe.
1822 4813 1877 4848 non
1904 4795 1931 4851 d.
1967 4797 2042 4871 Que-

249 4892 323 4942 modo
347 4894 375 4941 in
393 4889 441 4940 hoe
457 4906 481 4943 a.
516 4888 558 4940 21.
576 4892 604 4939 in
621 4888 709 4939 curm:
735 4891 783 4960 qui
799 4891 868 4937 vitoe
881 4886 1041 4956 praesidium
1059 4883 1138 4938 ahod.
1173 4883 1215 4937 26.
1232 4897 1345 4937 vestrum
1361 4883 1442 4938 abed.
1478 4886 1519 4938 32.
1539 4887 1710 4945 traduxerunt
1734 4885 1775 4936 bc.
1800 4903 1855 4935 non
1880 4883 1906 4936 d.
1925 4896 2040 4938 transtu-

250 4976 335 5027 lerunt
350 4994 375 5028 e.
410 4970 483 5024 ibid.
501 4991 540 5023 res
556 4973 593 5023 ad
606 4990 761 5022 eonrmunem
779 4971 918 5024 utilitatem
935 4974 1103 5033 continentes,
1122 4968 1242 5041 qumod.
1275 4969 1317 5023 33.
1335 4975 1544 5033 nominaverunt,
1561 4969 1684 5022 tumabc.
1698 4986 1752 5021 non
1767 4968 1796 5020 d.
1831 4970 1875 5023 3¹t.
1892 4970 2039 5026 etdumarso

249 5064 307 5111 iure
330 5057 386 5110 abe.
410 5076 467 5110 nun
492 5054 519 5109 d.
556 5054 596 5108 35.
614 5076 694 5128 quam
717 5060 757 5109 vis
780 5067 805 5110 et
823 5060 863 5122 ius
880 5075 894 5111 s
912 5056 979 5117 soie,
1015 5055 1058 5121 36.
1076 5059 1117 5107 uti
1133 5056 1261 5128 volumus,
1278 5057 1362 5109 altero
1381 5070 1419 5108 est
1436 5056 1572 5116 carendum
1588 5072 1629 5108 sc.
1647 5070 1702 5108 non
1721 5052 1766 5106 bd.
1802 5052 1876 5108 ihid.
1894 5060 1947 5107 vim
1966 5058 2041 5108 vetu-

250 5141 331 5192 mus?
355 5142 485 5215 Extingui
501 5148 542 5193 ius
559 5160 655 5193 necesse
670 5153 707 5194 eat
724 5159 747 5194 a.
1355 5187 1358 5191 ,

318 5232 442 5286 LEC'I'I'.
460 5236 554 5288 tlt-:tt
590 5235 615 5287 2.
633 5247 746 5305 spectare
765 5231 831 5288 cod.
849 5234 1033 5289 liueloriauua
1051 5235 1079 5297 in
1097 5233 1223 5295 Muelleri
1243 5234 1321 5288 Curis
1337 5250 1390 5299 sec.
1408 5232 1496 5307 psit.
1532 5232 1574 5297 33,
1593 5238 1737 5286 norninotae
1759 5245 1832 5293 sunt,
1856 5237 2037 5297 instituerunt,

248 5333 303 5372 aum
321 5319 482 5402 Madvigius.
1410 5310 1413 5316 ¹
1555 5387 1577 5452 4
1997 5312 2003 5323 '

2269 302 2288 337 t
2335 275 2339 285 .

2254 502 2272 539 ι
2324 496 2350 521 Ι..

2333 524 2340 531 ι

2207 554 2218 569 q
2253 558 2256 563 .

2207 812 2259 913 't

2209 972 2262 1077 ,ᾧ
2303 1050 2315 1063 .
