4740 6068
318 382 367 452 30

399 562 456 628 Ll.
501 582 569 641 ¹⁰9·
590 555 696 623 Venio
717 558 764 620 sd
784 555 917 620 comitia
935 555 1005 620 sive
1028 555 1281 643 magistratuum
1308 560 1417 641 placet
1442 559 1514 623 sive
1537 560 1665 644 legum.
1708 563 1814 647 Leges
1838 562 1989 629 videmus
2018 585 2121 652 saepe

318 666 398 731 ferri
418 665 551 728 multas.
593 661 720 727 Omitto
742 681 817 740 eas,
836 680 922 740 quae
941 661 1095 724 feruntur
1115 662 1180 742 ita,
1199 663 1256 725 vix
1276 672 1312 724 ut
1334 660 1447 746 quini,
1468 674 1500 726 et
1513 663 1539 726 ii
1551 685 1592 727 ex
1604 665 1713 728 aliena
1729 667 1834 748 tribu,
1854 665 2120 754 quisuffragium

317 772 437 850 ferant,
458 768 680 852 reperiantur.
721 768 771 830 De
792 786 860 846 me,
880 787 983 846 quem
1000 777 1182 850 tyrannum
1204 776 1304 848 atque
1324 778 1511 851 ereptorem
1531 768 1692 832 libertatis
1712 791 1785 836 esse
1798 773 1927 837 dicebat
1944 776 2004 838 ills
2022 777 2121 842 ruina

317 875 553 959 reipublicae,
575 873 655 938 dicit
674 894 711 938 se
729 875 839 957 legem
861 871 990 936 tulisse.
1033 872 1112 957 Quis
1132 884 1198 956 est,
1217 873 1276 953 qui
1295 893 1352 944 se,
1374 895 1451 937 cum
1471 883 1586 938 contra
1605 895 1660 938 me
1680 875 1863 959 ferebatur,
1881 879 1983 943 inisse
2002 876 2121 945 suffra·

280 988 300 1053 5
320 981 413 1067 giam
434 978 655 1045 confiteatur?
674 981 758 1041 Cum
778 986 889 1041 autem
909 978 952 1040 de
972 998 1026 1041 me
1046 979 1167 1041 eodem
1186 988 1381 1045 erremus
1403 981 1557 1045 consulto
1578 978 1718 1045 comitiis
1734 981 1923 1044 centuriatis
1935 982 2119 1068 ferebatur,

317 1086 393 1167 quis
414 1097 474 1165 est,
497 1084 555 1166 qui
575 1104 645 1147 uon
665 1083 862 1167 profiteatur
881 1102 917 1145 sc
937 1082 1082 1145 adfuisse
1103 1093 1136 1145 et
1155 1076 1348 1170 suffragium
1368 1086 1411 1148 d'e
1430 1086 1537 1148 salute
1559 1106 1633 1149 mes
1648 1084 1788 1149 tulisse?
1807 1087 1890 1148 Utra
1904 1084 2004 1172 igitur
2016 1109 2118 1154 causa

316 1190 490 1273 popularis
510 1191 610 1252 debet
627 1186 756 1254 videri:
785 1186 822 1247 iu
844 1207 910 1265 qua
931 1207 1047 1252 omnes
1066 1191 1255 1252 honestates
1279 1188 1434 1271 civitatis,
1452 1208 1570 1254 omnes
1590 1198 1731 1269 aetates,
1757 1206 1873 1251 omnes
1895 1189 2031 1254 ordines
2048 1212 2117 1255 una

317 1294 553 1359 consentiunt?
580 1314 623 1356 an
642 1292 679 1354 in
700 1313 768 1372 qua
787 1291 895 1356 itariae
915 1292 1097 1358 concitatae
1114 1302 1285 1375 nmquam
1305 1296 1348 1355 ad
1367 1294 1469 1358 funus
1490 1294 1540 1357 rei
1558 1294 1713 1378 publicae
1732 1295 1933 1358 convolant?
1966 1298 2119 1376 siau,

316 1400 424 1464 sicubi
448 1398 556 1462 aderit
578 1398 725 1479 Gellius,
756 1401 861 1460 homo
890 1408 924 1462 ct
943 1400 1044 1462 fratre
1072 1398 1250 1485 indignus,
1278 1399 1352 1461 viro
1384 1398 1579 1463 clarissumo
1606 1408 1707 1480 atque
1733 1408 1873 1481 optumo
1898 1400 2056 1481 consule,
2085 1411 2119 1464 et

258 1504 301 1570 10
319 1506 435 1570 ordine
456 1504 621 1584 equestri,
651 1502 745 1565 cuius
772 1502 830 1565 ille
859 1489 985 1568 ordinis
1012 1523 1139 1569 nomen
1164 1503 1301 1586 retinet,
1326 1515 1521 1567 ornamenta
1541 1504 1705 1587 coniecit,
1731 1504 1768 1565 id
1787 1503 1849 1566 erit
1867 1505 2056 1588 populare?
2076 1542 2119 1554 -

314 1607 509 1688 „list'enim
529 1611 634 1670 homo
655 1607 717 1671 iste
736 1610 865 1691 populo
886 1610 1041 1672 Romano
1062 1609 1225 1673 deditus.“
1243 1647 1283 1658 —
1304 1609 1396 1672 Nihil
1414 1608 1485 1671 vidi
1504 1606 1629 1695 magist
1649 1608 1710 1689 qui
1722 1628 1799 1671 cunr
1811 1607 1883 1672 eius
1896 1607 2117 1673 adolescentia

316 1714 354 1774 in
373 1711 598 1795 amplissumis
622 1713 812 1777 honoribus
839 1715 960 1778 summi
986 1712 1068 1796 viri,
1096 1716 1137 1778 1..
1160 1714 1328 1798 Philippi,
1353 1713 1480 1795 vitrici,
1510 1714 1628 1776 florae
1647 1710 1831 1794 potuisset,
1856 1732 1965 1793 usque
1984 1716 2025 1777 'so
2045 1730 2116 1774 nou

313 1816 376 1878 tuit
395 1817 589 1900 popularis,
617 1827 655 1881 ut
681 1820 773 1881 bona
801 1819 894 1883 solus
914 1826 1086 1882 comesset.
1128 1819 1256 1883 Deinde
1276 1840 1317 1883 ex
1336 1818 1470 1900 impuro
1489 1817 1700 1881 adolescente
1719 1824 1753 1880 et
1771 1819 1957 1899 petulante,
1984 1808 2118 1898 postea.

314 1942 415 2001 quam
436 1943 507 1985 rem
526 1916 700 2006 paternam
720 1926 763 1986 ab
785 1922 962 1990 idiotarum
982 1923 1106 1986 divitiis
1128 1925 1171 1988 ad
1191 1912 1473 2006 philosophorum
1493 1922 1644 2006 regnam
1662 1922 1836 2004 perduxit,
1859 1924 2062 1985 Graeculum
2080 1940 2117 1985 sc
2152 1942 2158 1957 ·

255 2029 295 2093 15
316 2036 416 2106 atque
439 2028 585 2091 otiosum
605 2027 715 2110 putari
734 2029 860 2109 voluit,
887 2028 998 2092 studio
1018 2028 1202 2091 litterarum
1223 2049 1260 2091 se
1281 2027 1390 2090 subito
1412 2024 1550 2083 dedidit.
1592 2024 1683 2082 Nihil
1704 2035 1724 2092 s
1745 2045 1825 2083 sane
1844 2026 1937 2085 Attae
1956 2025 2118 2086 iuvabant

314 2143 518 2216 anagnostae
530 2153 540 2212 3
568 2132 676 2197 libelli
702 2150 767 2217 pro
791 2132 873 2195 vino
900 2133 999 2195 etiam
1026 2151 1126 2204 saepe
1155 2127 1480 2201 oppigneraballill1'3
1505 2120 1662 2180 manebat
1686 2116 1900 2184 insaiurablle
1926 2125 2124 2207 abdomen,

313 2236 429 2314 copiae
456 2237 665 2297 deficiebant,
706 2237 822 2301 lisque
847 2218 1197 2300 iamper-versabatur
1223 2220 1260 2283 ia
1285 2242 1398 2287 rerum
1425 2238 1589 2284 novarum
1617 2219 1850 2309 cogitatione:
1882 2225 1952 2288 otio
1973 2238 2006 2292 et
2026 2238 2116 2293 tran·

236 2378 238 2383 ·
312 2334 474 2411 quillitate
493 2322 717 2408 reipublicae
737 2322 1002 2387 consenescebat.

303 2431 306 2436 ’
391 2436 466 2497 Lll.
507 2435 640 2511 Ecquae
659 2426 777 2493 seditio
797 2442 945 2504 unquam
965 2422 1046 2508 luit,
1065 2425 1100 2488 in
1121 2448 1190 2508 qus
1211 2440 1281 2490 non
1297 2428 1355 2493 ille
1373 2430 1556 2513 princeps?
1583 2431 1887 2517 ecquiseditiosus,
1906 2435 2114 2503 cuiilleuon

254 2536 296 2600 20
315 2537 511 2603 familiaris?
541 2554 666 2616 ecquae
686 2533 878 2595 turbulenta
898 2530 1029 2610 contio,
1048 2532 1142 2594 cuius
1162 2533 1220 2595 illc
1240 2552 1312 2594 non
1332 2535 1539 2599 concitator?
1569 2536 1624 2598 cui
1643 2538 1730 2599 bene
1744 2537 1826 2601 dixit
1840 2559 1982 2619 unquam
1996 2543 2115 2605 bono?

310 2647 397 2706 bene
423 2641 529 2703 dixit?
559 2639 682 2712 inuno,
713 2620 814 2715 quein
840 2635 962 2696 sortem
988 2645 1021 2696 ct
1048 2636 1175 2698 bonum
1203 2636 1310 2701 civem
1339 2657 1409 2700 non
1434 2641 1708 2720 pctulantissume
1734 2651 1784 2705 est
1803 2640 2005 2709 insectatus?
2036 2647 2112 2727 qui,

310 2759 346 2810 ut
367 2749 485 2826 credo,
506 2765 576 2807 non
596 2741 744 2804 libidinis
763 2759 876 2818 causa,
896 2749 946 2802 set
964 2748 1002 2801 ut
1021 2740 1187 2822 plebicola
1207 2736 1394 2816 videretur,
1413 2741 1602 2805 libertinam
1624 2746 1718 2807 duxit
1737 2766 1888 2811 uxorem.
1932 2776 2001 2814 ιιι.
2021 2751 2055 2815 12
2068 2755 2113 2816 ἀρ

310 2871 364 2915 me
380 2846 574 2935 suffragium
596 2847 684 2924 tulit,
704 2844 732 2905 is
752 2842 876 2924 adfuit,
894 2844 923 2906 is
942 2844 1093 2907 interfuit
1112 2845 1220 2926 epulis
1241 2856 1275 2909 et
1286 2846 1562 2932 gratulationibus
1575 2849 1825 2929 parricidarum.
1866 2852 1905 2915 In
1919 2874 1988 2934 quo
2004 2867 2111 2921 tamen

310 2967 358 3019 est
378 2975 431 3017 me
452 2957 559 3026 ultus,
586 2971 657 3013 cuin
684 2947 744 3010 illo
772 2967 830 3010 orc
856 2947 1009 3010 inimicos
1036 2959 1084 3010 est
1112 2968 1205 3013 meos
1230 2951 1408 3017 suaviatus.
1456 2950 1539 3035 Qui,
1566 2953 1662 3031 quasi
1688 2976 1762 3018 mea
1789 2956 1887 3040 culpa
1915 2961 2006 3023 bona
2033 2944 2125 3043 peu-⁴

251 3070 291 3134 95
312 3059 451 3140 diderit,
476 3057 522 3120 ita
541 3058 587 3119 ob
608 3074 681 3117 eam
701 3053 809 3134 ipsam
831 3070 960 3115 causam
980 3061 1030 3114 est
1049 3052 1133 3115 mihi
1151 3053 1318 3132 inimicus,
1348 3055 1427 3134 quia
1446 3055 1531 3118 nibil
1551 3056 1662 3122 babet.
1692 3062 1822 3135 ¹Utrum
1842 3081 1907 3145 ego
1928 3063 1987 3125 tibi
2007 3065 2111 3146 petri.

309 3164 460 3229 monium
481 3160 606 3244 cripui,
627 3159 728 3240 Gelli,
748 3178 790 3220 an
811 3165 847 3218 tu
867 3156 1061 3219 comedisti?
1083 3156 1194 3240 Quid?
1215 3169 1249 3220 tu
1271 3178 1347 3221 meo
1366 3158 1533 3242 periculo,
1559 3179 1683 3247 gurges
1702 3182 1741 3226 ac
1762 3183 1888 3250 vorago
1907 3168 2108 3248 patrimoni,

308 3272 521 3349 belluabarc,
540 3277 592 3346 ut,
613 3266 640 3328 si
661 3284 725 3349 ego
746 3262 865 3324 consul
887 3282 957 3323 rem
977 3261 1146 3344 publicam
1168 3272 1283 3325 contra
1303 3273 1335 3326 tc
1355 3274 1387 3327 et
1404 3263 1549 3349 gregalis
1569 3276 1645 3330 tuos
1665 3267 1899 3349 defendissem,
1918 3271 1954 3332 in
1974 3269 2106 3337 civitate

309 3397 380 3440 csse
402 3397 456 3436 mc
476 3373 608 3434 nolles?
637 3370 686 3429 Tc
707 3385 807 3427 nemo
827 3378 961 3428 tuorum
982 3366 1096 3429 videte
1117 3368 1208 3429 volt:
1240 3386 1358 3431 omnes
1386 3367 1514 3431 aditum
1545 3390 1734 3436 sermonem
1764 3392 1980 3458 congressum
2011 3387 2107 3443 tuum

310 3479 462 3563 lugiunt:
491 3486 522 3537 te
541 3474 667 3537 sororis
687 3472 776 3537 filius
798 3471 1006 3551 Postumius,
1027 3471 1220 3533 adolescens
1240 3471 1366 3554 gravis,
1385 3473 1483 3534 senili
1500 3472 1644 3557 iudicio,
1663 3479 1806 3557 notavit,
1829 3494 1905 3542 cum
1924 3479 1961 3541 iu
1981 3500 2105 3565 magno

249 3594 291 3657 30
309 3601 448 3645 numero
470 3590 613 3641 tutorem
634 3579 746 3640 liberis
767 3597 836 3639 non
855 3576 1006 3639 instituit.
1045 3576 1100 3638 Set
1119 3576 1223 3641 elatus
1246 3575 1326 3637 odio
1356 3587 1387 3639 et
1418 3598 1494 3639 meu
1524 3589 1557 3641 et
1584 3581 1634 3642 rei
1659 3582 1814 3662 publicae
1838 3583 1989 3657 nomine,
2022 3605 2108 3664 quo..

307 3709 381 3750 rum
410 3686 467 3748 ille
496 3684 561 3747 utri
598 3683 640 3745 sit
675 3681 858 3762 inimicior,
887 3680 1018 3761 nescio,
1056 3683 1154 3762 plura
1185 3678 1272 3754 dixi,
1311 3701 1413 3760 quam
1448 3682 1628 3745 dicendum
1661 3685 1746 3768 fuit,
1774 3687 1811 3748 in
1836 3687 2106 3757 furiosissumum

306 3806 404 3873 atquc
425 3790 683 3877 egentissumum
707 3807 906 3870 ganeonem.
950 3808 1015 3852 ria.
1035 3785 1120 3849 Illuc
1142 3799 1307 3851 revertunt
1326 3799 1442 3853 contra
1462 3810 1516 3852 me
1539 3795 1573 3868 -Ι-
1597 3811 1673 3853 cum
1698 3791 1741 3854 sit
1759 3801 1884 3872 actum,
1900 3803 1994 3876 capta
2012 3797 2108 3860 Urbe

306 3908 405 3978 atque
426 3915 586 3978 oppressa
606 3892 770 3972 Gellium,
801 3891 1014 3972 Firmidium,
1042 3893 1179 3972 Titium,
1208 3891 1356 3956 eiusdem
1384 3892 1476 3959 modi
1498 3894 1602 3960 furias
1631 3895 1697 3960 illis
1719 3899 1929 3962 mercenariis
1948 3899 2108 3987 gregibus

379 4123 462 4178 ERN.
498 4125 521 4175 2.
539 4136 564 4174 et
582 4122 611 4172 isi
637 4121 709 4175 ibid.
727 4141 759 4172 ea
776 4121 832 4172 asia
849 4120 895 4185 (ex
912 4124 999 4172 atiena
1016 4121 1133 4188 ABCb.)
1166 4123 1191 4175 3.
1208 4125 1323 4184 dicebat,
1349 4131 1377 4174 in
1395 4123 1444 4175 ttta
1460 4128 1538 4174 ruina
1556 4129 1595 4174 rei
1608 4125 1730 4193 publicae
1748 4126 1810 4176 dieti
1826 4124 1939 4191 (dicebat
1957 4127 2006 4176 iiia
2023 4130 2103 4183 ruina

307 4212 346 4259 rei
360 4210 495 4277 publicae,
511 4210 575 4259 dicit
593 4207 687 4268 ABG)
723 4208 747 4258 9.
764 4207 856 4277 [atquc
871 4210 967 4276 optimo
985 4207 1099 4272 camna]
1139 4206 1179 4261 16.
1196 4213 1275 4260 etism
1287 4228 1338 4280 pro
1356 4213 1417 4259 uino
1460 4207 1501 4262 17.
1521 4214 1548 4260 in
1564 4228 1609 4280 spe
1624 4228 1711 4260 raam
1728 4228 1854 4261 nouarum
1900 4208 2104 4264 tapsitanus

376 4326 502 4380 LECZ'r.
537 4329 616 4383 abed.
653 4333 678 4380 1.
696 4333 751 4381 sive
768 4333 970 4399 nsagistrataans
987 4333 1042 4378 siue
1059 4327 1145 4397 legam
1159 4327 1255 4396 placet.
1280 4326 1312 4378 de
1327 4346 1380 4387 sae,
1398 4347 1474 4400 quesn
1489 4338 1630 4398 tyrannam
1646 4347 1671 4383 s.
1706 4328 1730 4381 2.
1746 4340 1772 4379 et
1792 4326 1822 4378 ta·
1838 4329 1950 4383 bonon
1964 4326 1994 4386 d.
2010 4322 2013 4327 ¹
2028 4310 2103 4387 ibid.

190 4460 193 4465 ,
306 4433 338 4465 ex
356 4417 408 4462 iina
427 4430 449 4463 c.
467 4432 499 4462 ex
516 4415 571 4463 aiis
589 4413 616 4468 d.
655 4415 680 4466 lt.
698 4412 747 4486 q'ai
762 4432 820 4466 oum
836 4439 872 4449 -
888 4439 925 4450 -
942 4416 1019 4464 inisse
1035 4430 1062 4462 ss
1079 4429 1093 4460 a
1110 4410 1179 4463 sola.
1213 4410 1240 4463 9.
1257 4422 1338 4484 atque
1355 4416 1452 4481 optimo
1469 4414 1574 4464 consuis
1589 4431 1643 4465 osu.
1658 4404 1683 4465 a.
1719 4411 1762 4466 10.
1774 4414 1926 4483 populare?
1943 4432 2063 4489 asqueeo
2074 4436 2100 4468 a.

308 4500 350 4553 12.
370 4498 401 4549 T.
421 4496 543 4565 Philippi
560 4499 586 4550 b.
605 4499 746 4551 honoribus
762 4500 794 4555 L.
812 4498 936 4568 Philippi·
951 4497 1156 4564 virtateflorere
1172 4513 1197 4549 c.
1232 4496 1275 4549 ts.
1293 4509 1420 4548 comesset.
1440 4498 1526 4548 libelii
1547 4500 1626 4547 etiam
1646 4515 1697 4566 pro
1716 4500 1776 4547 uino
1794 4515 1820 4551 s.
1859 4497 1903 4553 15.
1921 4498 1992 4551 nituit
2007 4518 2068 4553 sane
2086 4501 2102 4534 *ὅ

198 4590 201 4597 ’
305 4596 375 4635 attae
393 4584 533 4642 iuvabant,
559 4596 733 4650 anangnostae,
759 4585 845 4636 libelii
866 4588 943 4634 etiarn
964 4600 1014 4651 pro
1039 4585 1098 4632 ittae
1121 4580 1150 4639 b.
1173 4580 1244 4632 nibil
1264 4600 1327 4633 sane
1345 4593 1369 4632 te
1386 4583 1513 4632 iuvabant
1529 4593 1700 4650 anagnostae,
1727 4582 1813 4633 libelii
1834 4588 1913 4634 etiam
1926 4603 1977 4655 pro
1993 4589 2056 4635 vieto
2074 4603 2098 4637 c.

306 4669 376 4720 nihii
391 4684 483 4722 serica
502 4679 527 4718 ts
546 4667 694 4721 iocabatur.
730 4668 918 4738 Anagnostae,
935 4667 1020 4720 1ἰόιὶΙί
1032 4684 1082 4736 pro
1100 4670 1158 4717 vino
1176 4671 1255 4724 etiam
1272 4665 1300 4719 d.
1336 4665 1377 4718 17.
1395 4666 1555 4737 deficiebant.
1578 4670 1627 4736 qui
1649 4671 1728 4739 quasi
1751 4686 1806 4718 mea
1823 4668 1901 4737 calpa
1918 4686 1942 4720 s.
1977 4668 2052 4724 lbtd.
2074 4676 2102 4721 in

305 4770 391 4802 rerum
408 4771 534 4805 novarum
550 4751 566 4785 ¹⁸
583 4755 636 4802 otio
654 4751 680 4804 b.
696 4748 742 4815 (ut
758 4752 858 4818 ABG)
876 4757 903 4804 in
919 4770 964 4822 spe
980 4770 1066 4804 reram
1083 4770 1210 4807 novaram
1227 4750 1255 4805 d.
1282 4751 1322 4804 Ut
1340 4767 1403 4812 nos,
1427 4770 1450 4802 c.
1487 4751 1530 4801 tt.
1549 4763 1634 4802 tamen
1656 4763 1694 4803 est
1711 4748 1728 4785 ⁴
1745 4770 1777 4803 ne
1805 4753 1876 4802 alias
1899 4770 1957 4803 eam
1980 4755 2028 4805 iiio
2051 4772 2096 4804 ses

307 4840 453 4888 inimicas?
475 4850 513 4889 est
538 4856 607 4890 meas
628 4841 745 4888 saviatus
770 4834 816 4890 bd.
832 4834 979 4903 (sunniatas
997 4836 1039 4902 d.)
1064 4848 1118 4888 tum
1135 4851 1173 4891 est
1189 4837 1205 4872 ³
1223 4855 1255 4888 ne
1277 4836 1350 4888 ailus
1372 4853 1430 4886 oum
1453 4836 1502 4886 ilio
1525 4854 1568 4887 reo
1591 4840 1727 4889 inimicas.-
1749 4849 1787 4888 est
1811 4854 1881 4888 mess
1898 4836 2055 4890 Souaniatus
2072 4856 2099 4889 c.

307 4918 349 4973 29.
358 4923 605 4992 fagitana-Plura
622 4924 686 4974 ittet.
704 4939 728 4973 a.
748 4921 820 4974 ibid.
838 4920 1009 4973 Postbamias
1027 4920 1091 4975 bed.
1126 4922 1167 4975 30.
1185 4939 1290 4972 nuncet-o
1307 4912 1424 4975 tutorum
1441 4930 1552 4973 tutorem
1570 4943 1585 4976 c
1602 4923 1671 4976 sols.
1706 4924 1749 4975 31.
1768 4926 1920 4976 inimicitior
1935 4922 1961 4975 d.
1982 4937 2037 4972 uon
2057 4920 2103 4979 bs.

306 5002 348 5054 32.
364 5022 512 5083 ganeonem.
528 5033 533 5044 .
548 5006 692 5059 Veniamus
710 5003 985 5073 asindae&.115.)
1002 5024 1026 5060 s.
1061 5006 1134 5062 thid.
1152 5007 1218 5083 quisi
1233 5011 1258 5061 si
1271 5017 1360 5059 actm
1376 5022 1393 5058 o
1410 5006 1478 5058 sola.

374 5120 498 5173 LECTI'.
515 5123 608 5176 ΜΕΜ.
645 5126 686 5178 15.
703 5126 786 5178 Natu
802 5145 862 5178 sans
879 5123 970 5177 Attici
987 5126 1109 5178 iuvabant
1133 5139 1305 5196 anagnostm
1330 5124 1416 5177 taeta
1439 5124 1602 5197 Madvigius.
1637 5127 1679 5183 29,
1697 5128 1790 5191 „Dele
1807 5130 1928 5201 gravis.⁴‘
1958 5125 2099 5182 Dobrsess
2188 5166 2195 5185 .

304 5206 391 5259 Ades.
410 5205 434 5259 2.
452 5224 479 5276 p.
499 5206 558 5258 ³76.
594 5208 636 5260 32.
653 5227 711 5259 eam
728 5222 765 5261 est
783 5223 869 5260 aotam
885 5208 1050 5282 Madvigius.
1083 5209 1158 5270 Fors.
1191 5226 1241 5278 pro
1266 5220 1355 5260 aetum
1370 5209 1543 5263 scribendum
1563 5213 1661 5281 latum,-
1680 5213 1756 5286 quod
1774 5214 1876 5286 requiri
1894 5211 2004 5268 videtur
2022 5230 2037 5265 a
2053 5232 2099 5270 π.

304 5291 373 5342 lator
391 5304 417 5343 ct
424 5291 564 5362 fendatur
573 5311 582 5354 ,-
597 5303 684 5343 actum
702 5293 782 5345 nimis
800 5293 948 5346 infinitum.
