<?xml version="1.0" encoding="UTF-8"?>
<!DOCTYPE html PUBLIC "-//W3C//DTD XHTML 1.0 Transitional//EN"
    "http://www.w3.org/TR/xhtml1/DTD/xhtml1-transitional.dtd">
<html xmlns="http://www.w3.org/1999/xhtml" xml:lang="en" lang="en">
 <head>
  <title>
</title>
<meta http-equiv="Content-Type" content="text/html;charset=utf-8" />
  <meta name='ocr-system' content='tesseract 3.04.00' />
  <meta name='ocr-capabilities' content='ocr_page ocr_carea ocr_par ocr_line ocrx_word'/>
</head>
<body>
  <div class='ocr_page' id='page_1' title='image "./propsestioorati00orelgoog_0016.png"; bbox 0 0 4754 6068; ppageno 0'>
   <div class='ocr_carea' id='block_1_1' title="bbox 201 386 2136 960">
    <p class='ocr_par' dir='ltr' id='par_1_1' title="bbox 201 386 2136 960">
     <span class='ocr_line' id='line_1_1' title="bbox 1991 386 2071 481; baseline 0.038 -3"><span class='ocrx_word' id='word_1_1' title='bbox 1991 386 2071 481; x_wconf 85' lang='lat' dir='ltr'><strong>vu</strong></span> 
     </span>
     <span class='ocr_line' id='line_1_2' title="bbox 264 576 2136 688; baseline 0.012 -39"><span class='ocrx_word' id='word_1_2' title='bbox 264 577 420 680; x_wconf 78' lang='lat' dir='ltr'>paginae</span> <span class='ocrx_word' id='word_1_3' title='bbox 446 576 560 651; x_wconf 90' lang='lat' dir='ltr'><strong>buius</strong></span> <span class='ocrx_word' id='word_1_4' title='bbox 585 576 759 652; x_wconf 85' lang='lat' dir='ltr'><strong>editionis</strong></span> <span class='ocrx_word' id='word_1_5' title='bbox 783 578 993 654; x_wconf 90' lang='lat' dir='ltr'><strong>ostendent.</strong></span> <span class='ocrx_word' id='word_1_6' title='bbox 1045 583 1097 654; x_wconf 91' lang='lat' dir='ltr'><strong>Ut</strong></span> <span class='ocrx_word' id='word_1_7' title='bbox 1118 582 1249 682; x_wconf 87' lang='lat' dir='ltr'><strong>paucis</strong></span> <span class='ocrx_word' id='word_1_8' title='bbox 1273 581 1457 684; x_wconf 83' lang='lat' dir='ltr'><strong>defungar</strong></span> <span class='ocrx_word' id='word_1_9' title='bbox 1484 585 1683 688; x_wconf 81' lang='lat' dir='ltr'><strong>exemplis,</strong></span> <span class='ocrx_word' id='word_1_10' title='bbox 1712 591 1739 682; x_wconf 92' lang='lat' dir='ltr'>S</span> <span class='ocrx_word' id='word_1_11' title='bbox 1762 591 1821 687; x_wconf 79' lang='lat'><strong>67.</strong></span> <span class='ocrx_word' id='word_1_12' title='bbox 1846 590 1970 679; x_wconf 89' lang='lat' dir='ltr'><strong>editor</strong></span> <span class='ocrx_word' id='word_1_13' title='bbox 1991 597 2070 672; x_wconf 85' lang='lat' dir='ltr'><strong>sine</strong></span> <span class='ocrx_word' id='word_1_14' title='bbox 2130 668 2136 679; x_wconf 91' lang='grc'><em>,</em></span> 
     </span>
     <span class='ocr_line' id='line_1_3' title="bbox 201 712 2101 823; baseline 0.011 -39"><span class='ocrx_word' id='word_1_15' title='bbox 201 727 206 737; x_wconf 89' lang='grc'><strong><em>·</em></strong></span> <span class='ocrx_word' id='word_1_16' title='bbox 261 713 418 816; x_wconf 78' lang='lat' dir='ltr'><strong>proprio</strong></span> <span class='ocrx_word' id='word_1_17' title='bbox 448 712 579 788; x_wconf 87' lang='lat' dir='ltr'><strong>codice</strong></span> <span class='ocrx_word' id='word_1_18' title='bbox 606 739 801 814; x_wconf 83' lang='lat' dir='ltr'><strong>nunquam</strong></span> <span class='ocrx_word' id='word_1_19' title='bbox 826 715 1008 816; x_wconf 89' lang='lat' dir='ltr'><strong>potuisset</strong></span> <span class='ocrx_word' id='word_1_20' title='bbox 1030 714 1258 790; x_wconf 84' lang='lat' dir='ltr'><strong>substituere</strong></span> <span class='ocrx_word' id='word_1_21' title='bbox 1280 718 1479 794; x_wconf 89' lang='lat' dir='ltr'><strong>meliorum</strong></span> <span class='ocrx_word' id='word_1_22' title='bbox 1505 717 1623 795; x_wconf 84' lang='lat' dir='ltr'><strong>Codd.</strong></span> <span class='ocrx_word' id='word_1_23' title='bbox 1647 719 1851 796; x_wconf 88' lang='lat' dir='ltr'><strong>lectionem</strong></span> <span class='ocrx_word' id='word_1_24' title='bbox 1873 748 2071 804; x_wconf 83' lang='lat' dir='ltr'><strong>servasset</strong></span> <span class='ocrx_word' id='word_1_25' title='bbox 2097 818 2101 823; x_wconf 27' lang='grc' dir='ltr'>Ι</span> 
     </span>
     <span class='ocr_line' id='line_1_4' title="bbox 263 846 2072 960; baseline 0.009 -40"><span class='ocrx_word' id='word_1_26' title='bbox 263 846 371 924; x_wconf 86' lang='lat' dir='ltr'><strong>alteri</strong></span> <span class='ocrx_word' id='word_1_27' title='bbox 404 849 484 922; x_wconf 90' lang='lat' dir='ltr'><strong>abc.</strong></span> <span class='ocrx_word' id='word_1_28' title='bbox 517 848 757 949; x_wconf 59' lang='lat' dir='ltr'><strong>dependisset.</strong></span> <span class='ocrx_word' id='word_1_29' title='bbox 796 851 821 942; x_wconf 99' lang='lat' dir='ltr'>S</span> <span class='ocrx_word' id='word_1_30' title='bbox 853 851 909 946; x_wconf 75' lang='lat'><strong>76.</strong></span> <span class='ocrx_word' id='word_1_31' title='bbox 944 877 969 921; x_wconf 86' lang='lat' dir='ltr'><strong>a</strong></span> <span class='ocrx_word' id='word_1_32' title='bbox 992 851 1136 947; x_wconf 82' lang='lat' dir='ltr'><strong>populo</strong></span> <span class='ocrx_word' id='word_1_33' title='bbox 1165 851 1341 926; x_wconf 84' lang='lat' dir='ltr'><strong>Romano</strong></span> <span class='ocrx_word' id='word_1_34' title='bbox 1371 853 1654 951; x_wconf 80' lang='lat' dir='ltr'><strong><em>deprecandam</em></strong></span> <span class='ocrx_word' id='word_1_35' title='bbox 1678 862 1840 931; x_wconf 70' lang='lat' dir='ltr'><strong>venisset</strong></span> <span class='ocrx_word' id='word_1_36' title='bbox 1864 858 1922 933; x_wconf 93' lang='lat' dir='ltr'><strong>bc.</strong></span> <span class='ocrx_word' id='word_1_37' title='bbox 1952 889 1979 932; x_wconf 85' lang='lat' dir='ltr'><strong>a</strong></span> <span class='ocrx_word' id='word_1_38' title='bbox 2001 890 2072 960; x_wconf 89' lang='lat' dir='ltr'><strong>po·</strong></span> 
     </span>
    </p>
   </div>
   <div class='ocr_carea' id='block_1_2' title="bbox 258 977 2071 1226">
    <p class='ocr_par' dir='ltr' id='par_1_2' title="bbox 258 977 2071 1226">
     <span class='ocr_line' id='line_1_5' title="bbox 258 977 2071 1096; baseline 0.008 -40"><span class='ocrx_word' id='word_1_39' title='bbox 258 986 352 1082; x_wconf 88' lang='lat' dir='ltr'><strong>pulo</strong></span> <span class='ocrx_word' id='word_1_40' title='bbox 377 984 552 1057; x_wconf 87' lang='lat' dir='ltr'><strong>Romano</strong></span> <span class='ocrx_word' id='word_1_41' title='bbox 583 977 775 1086; x_wconf 83' lang='lat' dir='ltr'><strong>(spatium)</strong></span> <span class='ocrx_word' id='word_1_42' title='bbox 808 982 1163 1085; x_wconf 80' lang='lat' dir='ltr'><strong>deprecandamque</strong></span> <span class='ocrx_word' id='word_1_43' title='bbox 1187 1012 1216 1057; x_wconf 84' lang='lat' dir='ltr'><strong>v.</strong></span> <span class='ocrx_word' id='word_1_44' title='bbox 1248 981 1284 1058; x_wconf 91' lang='lat' dir='ltr'><strong>d.</strong></span> <span class='ocrx_word' id='word_1_45' title='bbox 1314 985 1455 1060; x_wconf 85' lang='lat' dir='ltr'>Contra</span> <span class='ocrx_word' id='word_1_46' title='bbox 1482 991 1508 1080; x_wconf 91' lang='lat' dir='ltr'>S</span> <span class='ocrx_word' id='word_1_47' title='bbox 1532 992 1588 1063; x_wconf 79' lang='lat'><strong>26.</strong></span> <span class='ocrx_word' id='word_1_48' title='bbox 1622 989 1698 1064; x_wconf 89' lang='lat' dir='ltr'><strong>sola</strong></span> <span class='ocrx_word' id='word_1_49' title='bbox 1725 987 1841 1066; x_wconf 88' lang='lat' dir='ltr'><strong>habet</strong></span> <span class='ocrx_word' id='word_1_50' title='bbox 1867 992 2071 1096; x_wconf 81' lang='lat' dir='ltr'><strong>interpola-</strong></span> 
     </span>
     <span class='ocr_line' id='line_1_6' title="bbox 262 1113 2071 1226; baseline 0.008 -38"><span class='ocrx_word' id='word_1_51' title='bbox 262 1116 402 1190; x_wconf 85' lang='lat' dir='ltr'><strong>tionem</strong></span> <span class='ocrx_word' id='word_1_52' title='bbox 429 1113 518 1190; x_wconf 90' lang='lat' dir='ltr'><strong>Cod.</strong></span> <span class='ocrx_word' id='word_1_53' title='bbox 553 1119 663 1220; x_wconf 61' lang='lat' dir='ltr'><strong>Bern.¹</strong></span> <span class='ocrx_word' id='word_1_54' title='bbox 695 1146 725 1190; x_wconf 91' lang='lat' dir='ltr'><strong>c.</strong></span> <span class='ocrx_word' id='word_1_55' title='bbox 758 1143 843 1190; x_wconf 83' lang='lat' dir='ltr'><strong>curn</strong></span> <span class='ocrx_word' id='word_1_56' title='bbox 870 1123 1038 1191; x_wconf 82' lang='lat' dir='ltr'><strong>uenisset</strong></span> <span class='ocrx_word' id='word_1_57' title='bbox 1066 1117 1120 1188; x_wconf 82' lang='lat' dir='ltr'><strong>ad</strong></span> <span class='ocrx_word' id='word_1_58' title='bbox 1146 1136 1321 1191; x_wconf 87' lang='lat' dir='ltr'><strong>senatum</strong></span> <span class='ocrx_word' id='word_1_59' title='bbox 1348 1137 1385 1192; x_wconf 91' lang='lat' dir='ltr'><strong>et</strong></span> <span class='ocrx_word' id='word_1_60' title='bbox 1420 1123 1574 1196; x_wconf 89' lang='lat' dir='ltr'><strong>alteram</strong></span> <span class='ocrx_word' id='word_1_61' title='bbox 1601 1129 1627 1218; x_wconf 91' lang='lat' dir='ltr'>S</span> <span class='ocrx_word' id='word_1_62' title='bbox 1656 1136 1733 1211; x_wconf 76' lang='lat'><strong>140.</strong></span> <span class='ocrx_word' id='word_1_63' title='bbox 1765 1130 1980 1226; x_wconf 81' lang='lat' dir='ltr'><strong>exemplum</strong></span> <span class='ocrx_word' id='word_1_64' title='bbox 2012 1137 2071 1204; x_wconf 89' lang='lat' dir='ltr'><strong>rei</strong></span> 
     </span>
    </p>
   </div>
   <div class='ocr_carea' id='block_1_3' title="bbox 256 1248 1883 1350">
    <p class='ocr_par' dir='ltr' id='par_1_3' title="bbox 256 1248 1883 1350">
     <span class='ocr_line' id='line_1_7' title="bbox 256 1248 1883 1350; baseline -0.001 -28"><span class='ocrx_word' id='word_1_65' title='bbox 256 1249 437 1346; x_wconf 82' lang='lat' dir='ltr'><strong>publicae</strong></span> <span class='ocrx_word' id='word_1_66' title='bbox 468 1248 743 1350; x_wconf 56' lang='lat' dir='ltr'><strong>deffendendae.</strong></span> <span class='ocrx_word' id='word_1_67' title='bbox 1879 1274 1883 1281; x_wconf 86' lang='lat'>·</span> 
     </span>
    </p>
   </div>
   <div class='ocr_carea' id='block_1_4' title="bbox 257 1418 2221 1793">
    <p class='ocr_par' dir='ltr' id='par_1_4' title="bbox 257 1418 2221 1793">
     <span class='ocr_line' id='line_1_8' title="bbox 355 1418 2071 1533; baseline 0.01 -43"><span class='ocrx_word' id='word_1_68' title='bbox 355 1420 439 1492; x_wconf 90' lang='lat' dir='ltr'><strong>Hoc</strong></span> <span class='ocrx_word' id='word_1_69' title='bbox 466 1419 580 1519; x_wconf 90' lang='lat' dir='ltr'><strong>igitur</strong></span> <span class='ocrx_word' id='word_1_70' title='bbox 604 1418 798 1521; x_wconf 92' lang='lat' dir='ltr'><strong>ponimus,</strong></span> <span class='ocrx_word' id='word_1_71' title='bbox 832 1418 951 1493; x_wconf 88' lang='lat' dir='ltr'><strong>tribus</strong></span> <span class='ocrx_word' id='word_1_72' title='bbox 978 1419 1179 1495; x_wconf 89' lang='lat' dir='ltr'><strong>Codicibus</strong></span> <span class='ocrx_word' id='word_1_73' title='bbox 1204 1419 1304 1494; x_wconf 88' lang='lat' dir='ltr'><strong>inter</strong></span> <span class='ocrx_word' id='word_1_74' title='bbox 1330 1448 1369 1494; x_wconf 93' lang='lat' dir='ltr'><strong>se</strong></span> <span class='ocrx_word' id='word_1_75' title='bbox 1399 1421 1552 1497; x_wconf 92' lang='lat' dir='ltr'><strong>diversis</strong></span> <span class='ocrx_word' id='word_1_76' title='bbox 1585 1443 1660 1501; x_wconf 90' lang='lat' dir='ltr'><strong>tres</strong></span> <span class='ocrx_word' id='word_1_77' title='bbox 1689 1427 1880 1518; x_wconf 87' lang='lat' dir='ltr'><strong>Editores,</strong></span> <span class='ocrx_word' id='word_1_78' title='bbox 1917 1434 1984 1533; x_wconf 84' lang='lat' dir='ltr'><strong>qui</strong></span> <span class='ocrx_word' id='word_1_79' title='bbox 2008 1434 2071 1507; x_wconf 84' lang='lat' dir='ltr'><strong>Se-</strong></span> 
     </span>
     <span class='ocr_line' id='line_1_9' title="bbox 257 1534 2221 1665; baseline 0.009 -40"><span class='ocrx_word' id='word_1_80' title='bbox 257 1553 415 1625; x_wconf 87' lang='lat' dir='ltr'><strong>stianam</strong></span> <span class='ocrx_word' id='word_1_81' title='bbox 443 1549 556 1654; x_wconf 90' lang='lat' dir='ltr'><strong>primi</strong></span> <span class='ocrx_word' id='word_1_82' title='bbox 581 1550 904 1653; x_wconf 88' lang='lat' dir='ltr'><strong>redintegrarunt,</strong></span> <span class='ocrx_word' id='word_1_83' title='bbox 931 1580 1017 1628; x_wconf 92' lang='lat' dir='ltr'><strong>usos</strong></span> <span class='ocrx_word' id='word_1_84' title='bbox 1044 1580 1141 1641; x_wconf 89' lang='lat' dir='ltr'><strong>esse,</strong></span> <span class='ocrx_word' id='word_1_85' title='bbox 1168 1555 1220 1628; x_wconf 90' lang='lat' dir='ltr'><strong>ita</strong></span> <span class='ocrx_word' id='word_1_86' title='bbox 1239 1572 1281 1628; x_wconf 90' lang='lat' dir='ltr'><strong>ut</strong></span> <span class='ocrx_word' id='word_1_87' title='bbox 1306 1583 1377 1658; x_wconf 89' lang='lat' dir='ltr'><strong>pro</strong></span> <span class='ocrx_word' id='word_1_88' title='bbox 1403 1583 1470 1631; x_wconf 91' lang='lat' dir='ltr'><strong>sno</strong></span> <span class='ocrx_word' id='word_1_89' title='bbox 1491 1577 1607 1662; x_wconf 88' lang='lat' dir='ltr'><strong>captu</strong></span> <span class='ocrx_word' id='word_1_90' title='bbox 1633 1589 1654 1634; x_wconf 91' lang='lat' dir='ltr'><strong>e</strong></span> <span class='ocrx_word' id='word_1_91' title='bbox 1679 1589 1747 1637; x_wconf 93' lang='lat' dir='ltr'><strong>suo</strong></span> <span class='ocrx_word' id='word_1_92' title='bbox 1773 1561 1870 1636; x_wconf 92' lang='lat' dir='ltr'><strong>libro</strong></span> <span class='ocrx_word' id='word_1_93' title='bbox 1899 1548 2064 1665; x_wconf 34' lang='lat' dir='ltr'><strong>&#39;quisque</strong></span> <span class='ocrx_word' id='word_1_94' title='bbox 2179 1574 2184 1583; x_wconf 83' lang='lat'>&#39;</span> <span class='ocrx_word' id='word_1_95' title='bbox 2210 1534 2221 1577; x_wconf 34' lang='grc' dir='ltr'><strong>ἱ</strong></span> 
     </span>
     <span class='ocr_line' id='line_1_10' title="bbox 260 1686 1222 1793; baseline 0.002 -31"><span class='ocrx_word' id='word_1_96' title='bbox 260 1686 479 1793; x_wconf 79' lang='lat' dir='ltr'><strong>emendaret</strong></span> <span class='ocrx_word' id='word_1_97' title='bbox 502 1688 613 1760; x_wconf 92' lang='lat' dir='ltr'><strong>etiam</strong></span> <span class='ocrx_word' id='word_1_98' title='bbox 640 1716 705 1777; x_wconf 91' lang='lat' dir='ltr'><strong>ea,</strong></span> <span class='ocrx_word' id='word_1_99' title='bbox 732 1713 828 1791; x_wconf 89' lang='lat' dir='ltr'><strong>quae</strong></span> <span class='ocrx_word' id='word_1_100' title='bbox 858 1703 946 1758; x_wconf 91' lang='lat' dir='ltr'><strong>ante</strong></span> <span class='ocrx_word' id='word_1_101' title='bbox 974 1686 1222 1764; x_wconf 81' lang='lat' dir='ltr'><strong>habebantur.</strong></span> 
     </span>
    </p>
   </div>
   <div class='ocr_carea' id='block_1_5' title="bbox 250 1854 2184 4600">
    <p class='ocr_par' dir='ltr' id='par_1_5' title="bbox 250 1854 2184 4600">
     <span class='ocr_line' id='line_1_11' title="bbox 354 1854 2065 1960; baseline 0.004 -32"><span class='ocrx_word' id='word_1_102' title='bbox 354 1858 559 1930; x_wconf 81' lang='lat' dir='ltr'><strong>ATusano</strong></span> <span class='ocrx_word' id='word_1_103' title='bbox 581 1873 619 1929; x_wconf 88' lang='lat' dir='ltr'><strong>et</strong></span> <span class='ocrx_word' id='word_1_104' title='bbox 634 1854 823 1930; x_wconf 89' lang='lat' dir='ltr'><strong>Danaesio</strong></span> <span class='ocrx_word' id='word_1_105' title='bbox 847 1870 1055 1929; x_wconf 88' lang='lat' dir='ltr'><strong>correctam</strong></span> <span class='ocrx_word' id='word_1_106' title='bbox 1076 1872 1114 1929; x_wconf 89' lang='lat' dir='ltr'><strong>et</strong></span> <span class='ocrx_word' id='word_1_107' title='bbox 1138 1858 1348 1960; x_wconf 86' lang='lat' dir='ltr'><strong>suppletam</strong></span> <span class='ocrx_word' id='word_1_108' title='bbox 1372 1885 1450 1934; x_wconf 86' lang='lat' dir='ltr'><strong>esse</strong></span> <span class='ocrx_word' id='word_1_109' title='bbox 1475 1861 1740 1951; x_wconf 80' lang='lat' dir='ltr'><strong>Ascensianam</strong></span> <span class='ocrx_word' id='word_1_110' title='bbox 1763 1862 1989 1948; x_wconf 86' lang='lat' dir='ltr'><strong>secundam,</strong></span> <span class='ocrx_word' id='word_1_111' title='bbox 2017 1864 2065 1935; x_wconf 90' lang='lat' dir='ltr'><strong>ab</strong></span> 
     </span>
     <span class='ocr_line' id='line_1_12' title="bbox 256 1963 2065 2097; baseline 0.002 -34"><span class='ocrx_word' id='word_1_112' title='bbox 256 1989 442 2086; x_wconf 88' lang='lat' dir='ltr'><strong>Ilervagio</strong></span> <span class='ocrx_word' id='word_1_113' title='bbox 455 1989 760 2074; x_wconf 87' lang='lat' dir='ltr'><strong>Cratandrinam,</strong></span> <span class='ocrx_word' id='word_1_114' title='bbox 775 1987 822 2061; x_wconf 91' lang='lat' dir='ltr'><strong>ab</strong></span> <span class='ocrx_word' id='word_1_115' title='bbox 835 1987 903 2061; x_wconf 90' lang='lat' dir='ltr'><strong>Ed.</strong></span> <span class='ocrx_word' id='word_1_116' title='bbox 916 1991 1066 2063; x_wconf 88' lang='lat' dir='ltr'><strong>Veneto</strong></span> <span class='ocrx_word' id='word_1_117' title='bbox 1079 1989 1271 2079; x_wconf 85' lang='lat' dir='ltr'><strong>Aldinam,</strong></span> <span class='ocrx_word' id='word_1_118' title='bbox 1284 2020 1399 2094; x_wconf 91' lang='lat' dir='ltr'><strong>quam</strong></span> <span class='ocrx_word' id='word_1_119' title='bbox 1412 2011 1537 2068; x_wconf 90' lang='lat' dir='ltr'><strong>tamen</strong></span> <span class='ocrx_word' id='word_1_120' title='bbox 1549 2021 1677 2097; x_wconf 89' lang='lat' dir='ltr'><strong>presse</strong></span> <span class='ocrx_word' id='word_1_121' title='bbox 1691 1963 1863 2094; x_wconf 83' lang='lat' dir='ltr'><strong>sequitur</strong></span> <span class='ocrx_word' id='word_1_122' title='bbox 1873 1997 1955 2069; x_wconf 87' lang='lat' dir='ltr'><strong>Asc.</strong></span> <span class='ocrx_word' id='word_1_123' title='bbox 1971 2019 2065 2080; x_wconf 85' lang='lat' dir='ltr'><strong>sec,</strong></span> 
     </span>
     <span class='ocr_line' id='line_1_13' title="bbox 257 2116 2067 2226; baseline 0.003 -32"><span class='ocrx_word' id='word_1_124' title='bbox 257 2118 462 2217; x_wconf 88' lang='lat' dir='ltr'><strong>admodum</strong></span> <span class='ocrx_word' id='word_1_125' title='bbox 490 2119 570 2191; x_wconf 89' lang='lat' dir='ltr'><strong>veri</strong></span> <span class='ocrx_word' id='word_1_126' title='bbox 605 2117 721 2189; x_wconf 92' lang='lat' dir='ltr'><strong>simile</strong></span> <span class='ocrx_word' id='word_1_127' title='bbox 756 2131 820 2189; x_wconf 87' lang='lat' dir='ltr'><strong>est.</strong></span> <span class='ocrx_word' id='word_1_128' title='bbox 874 2116 1051 2216; x_wconf 86' lang='lat' dir='ltr'><strong>Optimus</strong></span> <span class='ocrx_word' id='word_1_129' title='bbox 1085 2141 1209 2190; x_wconf 83' lang='lat' dir='ltr'><strong>autem</strong></span> <span class='ocrx_word' id='word_1_130' title='bbox 1234 2126 1276 2194; x_wconf 89' lang='lat' dir='ltr'><strong>&#39;in</strong></span> <span class='ocrx_word' id='word_1_131' title='bbox 1304 2125 1360 2197; x_wconf 93' lang='lat' dir='ltr'><strong>his</strong></span> <span class='ocrx_word' id='word_1_132' title='bbox 1394 2126 1467 2199; x_wconf 88' lang='lat' dir='ltr'><strong>fuit</strong></span> <span class='ocrx_word' id='word_1_133' title='bbox 1485 2125 1662 2226; x_wconf 83' lang='lat' dir='ltr'><strong>Naugerii</strong></span> <span class='ocrx_word' id='word_1_134' title='bbox 1694 2123 1841 2211; x_wconf 85' lang='lat' dir='ltr'><strong>Codex,</strong></span> <span class='ocrx_word' id='word_1_135' title='bbox 1868 2125 2067 2226; x_wconf 83' lang='lat' dir='ltr'><strong>perbonus</strong></span> 
     </span>
     <span class='ocr_line' id='line_1_14' title="bbox 256 2248 2063 2361; baseline 0.002 -36"><span class='ocrx_word' id='word_1_136' title='bbox 256 2250 396 2361; x_wconf 76' lang='lat' dir='ltr'><strong>&#39;lusani</strong></span> <span class='ocrx_word' id='word_1_137' title='bbox 421 2267 458 2325; x_wconf 89' lang='lat' dir='ltr'><strong>et</strong></span> <span class='ocrx_word' id='word_1_138' title='bbox 474 2249 671 2334; x_wconf 89' lang='lat' dir='ltr'><strong>Danaesii,</strong></span> <span class='ocrx_word' id='word_1_139' title='bbox 697 2248 824 2349; x_wconf 90' lang='lat' dir='ltr'><strong>paullo</strong></span> <span class='ocrx_word' id='word_1_140' title='bbox 848 2248 887 2318; x_wconf 93' lang='lat' dir='ltr'><strong>in</strong></span> <span class='ocrx_word' id='word_1_141' title='bbox 905 2250 1097 2323; x_wconf 86' lang='lat' dir='ltr'><strong>nonnullis</strong></span> <span class='ocrx_word' id='word_1_142' title='bbox 1116 2252 1354 2352; x_wconf 84' lang='lat' dir='ltr'><strong>corruptior,</strong></span> <span class='ocrx_word' id='word_1_143' title='bbox 1380 2257 1448 2326; x_wconf 90' lang='lat' dir='ltr'><strong>sed</strong></span> <span class='ocrx_word' id='word_1_144' title='bbox 1471 2268 1597 2323; x_wconf 86' lang='lat' dir='ltr'><strong>tamen</strong></span> <span class='ocrx_word' id='word_1_145' title='bbox 1619 2274 1812 2351; x_wconf 83' lang='lat' dir='ltr'><strong>praestans</strong></span> <span class='ocrx_word' id='word_1_146' title='bbox 1831 2256 1923 2329; x_wconf 90' lang='lat' dir='ltr'><strong>Cod.</strong></span> <span class='ocrx_word' id='word_1_147' title='bbox 1944 2256 2063 2329; x_wconf 89' lang='lat' dir='ltr'><strong>Gabr.</strong></span> 
     </span>
     <span class='ocr_line' id='line_1_15' title="bbox 257 2378 2066 2486; baseline -0.001 -26"><span class='ocrx_word' id='word_1_148' title='bbox 257 2385 439 2460; x_wconf 86' lang='lat' dir='ltr'><strong>Florentii</strong></span> <span class='ocrx_word' id='word_1_149' title='bbox 459 2381 624 2467; x_wconf 86' lang='lat' dir='ltr'><strong>Talenti,</strong></span> <span class='ocrx_word' id='word_1_150' title='bbox 649 2378 689 2450; x_wconf 90' lang='lat' dir='ltr'><strong>id</strong></span> <span class='ocrx_word' id='word_1_151' title='bbox 715 2395 792 2467; x_wconf 86' lang='lat' dir='ltr'><strong>est,</strong></span> <span class='ocrx_word' id='word_1_152' title='bbox 816 2379 1092 2477; x_wconf 89' lang='lat' dir='ltr'><strong>Ilervagianus,</strong></span> <span class='ocrx_word' id='word_1_153' title='bbox 1120 2398 1248 2453; x_wconf 83' lang='lat' dir='ltr'><strong>omnes</strong></span> <span class='ocrx_word' id='word_1_154' title='bbox 1270 2379 1424 2479; x_wconf 90' lang='lat' dir='ltr'><strong>quidem</strong></span> <span class='ocrx_word' id='word_1_155' title='bbox 1448 2381 1497 2453; x_wconf 91' lang='lat' dir='ltr'><strong>ad</strong></span> <span class='ocrx_word' id='word_1_156' title='bbox 1517 2381 1694 2457; x_wconf 91' lang='lat' dir='ltr'><strong>familiam</strong></span> <span class='ocrx_word' id='word_1_157' title='bbox 1717 2383 1809 2458; x_wconf 78' lang='lat' dir='ltr'><strong>cot</strong></span> <span class='ocrx_word' id='word_1_158' title='bbox 1836 2387 1942 2486; x_wconf 86' lang='lat' dir='ltr'><strong>Regii</strong></span> <span class='ocrx_word' id='word_1_159' title='bbox 1963 2387 2066 2459; x_wconf 87' lang='lat' dir='ltr'><strong>Pari-</strong></span> 
     </span>
     <span class='ocr_line' id='line_1_16' title="bbox 257 2508 2064 2616; baseline -0.002 -21"><span class='ocrx_word' id='word_1_160' title='bbox 257 2520 384 2595; x_wconf 84' lang='lat' dir='ltr'><strong>sicnsis</strong></span> <span class='ocrx_word' id='word_1_161' title='bbox 402 2515 608 2601; x_wconf 81' lang='lat' dir='ltr'><strong>referendi,</strong></span> <span class='ocrx_word' id='word_1_162' title='bbox 627 2531 671 2588; x_wconf 89' lang='lat' dir='ltr'><strong>ut</strong></span> <span class='ocrx_word' id='word_1_163' title='bbox 689 2513 736 2587; x_wconf 91' lang='lat' dir='ltr'><strong>dc</strong></span> <span class='ocrx_word' id='word_1_164' title='bbox 755 2510 802 2585; x_wconf 90' lang='lat' dir='ltr'><strong>cd</strong></span> <span class='ocrx_word' id='word_1_165' title='bbox 818 2526 922 2582; x_wconf 89' lang='lat' dir='ltr'><strong>recte</strong></span> <span class='ocrx_word' id='word_1_166' title='bbox 939 2508 1117 2583; x_wconf 89' lang='lat' dir='ltr'><strong>iudicavit</strong></span> <span class='ocrx_word' id='word_1_167' title='bbox 1135 2508 1354 2608; x_wconf 85' lang='lat' dir='ltr'><strong>Madvigius.</strong></span> <span class='ocrx_word' id='word_1_168' title='bbox 1405 2512 1575 2609; x_wconf 86' lang='lat' dir='ltr'><strong>Apparet</strong></span> <span class='ocrx_word' id='word_1_169' title='bbox 1592 2515 1631 2585; x_wconf 90' lang='lat' dir='ltr'><strong>id</strong></span> <span class='ocrx_word' id='word_1_170' title='bbox 1647 2517 1882 2616; x_wconf 86' lang='lat' dir='ltr'><strong>potissimum</strong></span> <span class='ocrx_word' id='word_1_171' title='bbox 1898 2547 1919 2593; x_wconf 89' lang='lat' dir='ltr'><strong>e</strong></span> <span class='ocrx_word' id='word_1_172' title='bbox 1935 2524 1962 2612; x_wconf 89' lang='lat' dir='ltr'>S</span> <span class='ocrx_word' id='word_1_173' title='bbox 1983 2546 2035 2616; x_wconf 84' lang='lat'><strong>¹9·</strong></span> <span class='ocrx_word' id='word_1_174' title='bbox 2053 2576 2064 2607; x_wconf 95' lang='lat'><strong>,</strong></span> 
     </span>
     <span class='ocr_line' id='line_1_17' title="bbox 256 2622 2161 2748; baseline 0 -23"><span class='ocrx_word' id='word_1_175' title='bbox 256 2652 323 2725; x_wconf 90' lang='lat' dir='ltr'><strong>ubi</strong></span> <span class='ocrx_word' id='word_1_176' title='bbox 339 2677 416 2722; x_wconf 93' lang='lat' dir='ltr'><strong>uno</strong></span> <span class='ocrx_word' id='word_1_177' title='bbox 434 2622 618 2722; x_wconf 79' lang='lat' dir='ltr'><strong>consensu</strong></span> <span class='ocrx_word' id='word_1_178' title='bbox 636 2643 815 2719; x_wconf 78' lang='lat' dir='ltr'><strong>exhibent</strong></span> <span class='ocrx_word' id='word_1_179' title='bbox 836 2641 1128 2742; x_wconf 87' lang='lat' dir='ltr'><strong>antiquissimam</strong></span> <span class='ocrx_word' id='word_1_180' title='bbox 1152 2640 1244 2715; x_wconf 90' lang='lat' dir='ltr'><strong>Cod.</strong></span> <span class='ocrx_word' id='word_1_181' title='bbox 1268 2641 1370 2740; x_wconf 78' lang='lat' dir='ltr'><strong>liegii</strong></span> <span class='ocrx_word' id='word_1_182' title='bbox 1394 2641 1739 2741; x_wconf 88' lang='lat' dir='ltr'><strong>interpolationem:</strong></span> <span class='ocrx_word' id='word_1_183' title='bbox 1769 2665 1813 2720; x_wconf 89' lang='lat' dir='ltr'><strong>ut</strong></span> <span class='ocrx_word' id='word_1_184' title='bbox 1840 2652 1906 2723; x_wconf 89' lang='lat' dir='ltr'><strong>illo</strong></span> <span class='ocrx_word' id='word_1_185' title='bbox 1928 2676 2067 2748; x_wconf 85' lang='lat' dir='ltr'><strong>super·</strong></span> <span class='ocrx_word' id='word_1_186' title='bbox 2158 2680 2161 2685; x_wconf 91' lang='lat'>·</span> 
     </span>
     <span class='ocr_line' id='line_1_18' title="bbox 256 2764 2058 2881; baseline -0.001 -25"><span class='ocrx_word' id='word_1_187' title='bbox 256 2784 345 2857; x_wconf 90' lang='lat' dir='ltr'><strong>cilio</strong></span> <span class='ocrx_word' id='word_1_188' title='bbox 374 2798 567 2881; x_wconf 82' lang='lat' dir='ltr'><strong>tamquam</strong></span> <span class='ocrx_word' id='word_1_189' title='bbox 587 2774 753 2851; x_wconf 86' lang='lat' dir='ltr'><strong>Atlante</strong></span> <span class='ocrx_word' id='word_1_190' title='bbox 782 2764 929 2848; x_wconf 76' lang='lat' dir='ltr'><strong>caelum</strong></span> <span class='ocrx_word' id='word_1_191' title='bbox 957 2779 1029 2845; x_wconf 89' lang='lat' dir='ltr'><strong>niti</strong></span> <span class='ocrx_word' id='word_1_192' title='bbox 1049 2773 1268 2855; x_wconf 78' lang='lat' dir='ltr'><strong>videretur,</strong></span> <span class='ocrx_word' id='word_1_193' title='bbox 1298 2771 1406 2845; x_wconf 92' lang='lat' dir='ltr'><strong>cuius</strong></span> <span class='ocrx_word' id='word_1_194' title='bbox 1429 2773 1624 2872; x_wconf 86' lang='lat' dir='ltr'><strong>vestigium</strong></span> <span class='ocrx_word' id='word_1_195' title='bbox 1647 2774 1804 2876; x_wconf 85' lang='lat' dir='ltr'><strong>aliquod</strong></span> <span class='ocrx_word' id='word_1_196' title='bbox 1829 2798 2058 2879; x_wconf 87' lang='lat' dir='ltr'><strong>pervenerat</strong></span> 
     </span>
     <span class='ocr_line' id='line_1_19' title="bbox 255 2904 2059 3008; baseline -0.004 -18"><span class='ocrx_word' id='word_1_197' title='bbox 255 2920 328 2991; x_wconf 92' lang='lat' dir='ltr'><strong>iam</strong></span> <span class='ocrx_word' id='word_1_198' title='bbox 354 2913 402 2988; x_wconf 87' lang='lat' dir='ltr'><strong>ad</strong></span> <span class='ocrx_word' id='word_1_199' title='bbox 430 2914 601 2994; x_wconf 78' lang='lat' dir='ltr'><strong>luntam,</strong></span> <span class='ocrx_word' id='word_1_200' title='bbox 637 2933 716 2980; x_wconf 90' lang='lat' dir='ltr'><strong>non</strong></span> <span class='ocrx_word' id='word_1_201' title='bbox 740 2906 790 2978; x_wconf 86' lang='lat' dir='ltr'><strong>ad</strong></span> <span class='ocrx_word' id='word_1_202' title='bbox 816 2910 897 2980; x_wconf 79' lang='lat' dir='ltr'><strong>Asc.</strong></span> <span class='ocrx_word' id='word_1_203' title='bbox 936 2935 962 2980; x_wconf 90' lang='lat'><strong>1.</strong></span> <span class='ocrx_word' id='word_1_204' title='bbox 993 2923 1030 2978; x_wconf 90' lang='lat' dir='ltr'><strong>et</strong></span> <span class='ocrx_word' id='word_1_205' title='bbox 1059 2934 1090 2977; x_wconf 85' lang='lat' dir='ltr'><strong>a.</strong></span> <span class='ocrx_word' id='word_1_206' title='bbox 1142 2906 1214 2979; x_wconf 87' lang='lat' dir='ltr'><strong>Vel</strong></span> <span class='ocrx_word' id='word_1_207' title='bbox 1246 2905 1297 2977; x_wconf 89' lang='lat' dir='ltr'><strong>sic</strong></span> <span class='ocrx_word' id='word_1_208' title='bbox 1325 2918 1453 2977; x_wconf 91' lang='lat' dir='ltr'><strong>tamen</strong></span> <span class='ocrx_word' id='word_1_209' title='bbox 1481 2904 1664 2978; x_wconf 90' lang='lat' dir='ltr'><strong>nonnulla</strong></span> <span class='ocrx_word' id='word_1_210' title='bbox 1690 2923 1854 2994; x_wconf 80' lang='lat' dir='ltr'><strong>restant,</strong></span> <span class='ocrx_word' id='word_1_211' title='bbox 1893 2936 2059 3008; x_wconf 89' lang='lat' dir='ltr'><strong>quorum</strong></span> 
     </span>
     <span class='ocr_line' id='line_1_20' title="bbox 255 3035 2064 3143; baseline -0.004 -21"><span class='ocrx_word' id='word_1_212' title='bbox 255 3049 439 3122; x_wconf 91' lang='lat' dir='ltr'><strong>rationem</strong></span> <span class='ocrx_word' id='word_1_213' title='bbox 452 3062 490 3119; x_wconf 88' lang='lat' dir='ltr'><strong>et</strong></span> <span class='ocrx_word' id='word_1_214' title='bbox 503 3042 682 3143; x_wconf 82' lang='lat' dir='ltr'><strong>originem</strong></span> <span class='ocrx_word' id='word_1_215' title='bbox 694 3065 765 3140; x_wconf 91' lang='lat' dir='ltr'><strong>pro</strong></span> <span class='ocrx_word' id='word_1_216' title='bbox 779 3056 883 3115; x_wconf 89' lang='lat' dir='ltr'><strong>certo</strong></span> <span class='ocrx_word' id='word_1_217' title='bbox 901 3037 1069 3112; x_wconf 87' lang='lat' dir='ltr'><strong>indicare</strong></span> <span class='ocrx_word' id='word_1_218' title='bbox 1082 3063 1159 3110; x_wconf 91' lang='lat' dir='ltr'><strong>non</strong></span> <span class='ocrx_word' id='word_1_219' title='bbox 1173 3063 1290 3136; x_wconf 90' lang='lat' dir='ltr'><strong>queo:</strong></span> <span class='ocrx_word' id='word_1_220' title='bbox 1307 3035 1424 3108; x_wconf 86' lang='lat' dir='ltr'><strong>veluti</strong></span> <span class='ocrx_word' id='word_1_221' title='bbox 1442 3041 1467 3129; x_wconf 91' lang='lat' dir='ltr'>S</span> <span class='ocrx_word' id='word_1_222' title='bbox 1489 3045 1542 3129; x_wconf 76' lang='lat'><strong>14.</strong></span> <span class='ocrx_word' id='word_1_223' title='bbox 1559 3062 1687 3108; x_wconf 91' lang='lat' dir='ltr'><strong>omnes</strong></span> <span class='ocrx_word' id='word_1_224' title='bbox 1706 3053 1804 3110; x_wconf 89' lang='lat' dir='ltr'><strong>tres:</strong></span> <span class='ocrx_word' id='word_1_225' title='bbox 1826 3062 1868 3111; x_wconf 91' lang='lat' dir='ltr'><strong>se</strong></span> <span class='ocrx_word' id='word_1_226' title='bbox 1888 3041 2064 3142; x_wconf 87' lang='lat' dir='ltr'><strong>offerunt</strong></span> 
     </span>
     <span class='ocr_line' id='line_1_21' title="bbox 257 3167 2184 3277; baseline -0.005 -21"><span class='ocrx_word' id='word_1_227' title='bbox 257 3183 464 3256; x_wconf 86' lang='lat' dir='ltr'><strong>insolenter</strong></span> <span class='ocrx_word' id='word_1_228' title='bbox 480 3196 518 3251; x_wconf 89' lang='lat' dir='ltr'><strong>et</strong></span> <span class='ocrx_word' id='word_1_229' title='bbox 534 3185 788 3259; x_wconf 85' lang='lat' dir='ltr'><strong>insectantur,</strong></span> <span class='ocrx_word' id='word_1_230' title='bbox 805 3172 939 3277; x_wconf 81' lang='lat' dir='ltr'><strong>quoad</strong></span> <span class='ocrx_word' id='word_1_231' title='bbox 946 3227 956 3258; x_wconf 91' lang='lat'>‚</span> <span class='ocrx_word' id='word_1_232' title='bbox 975 3199 1062 3245; x_wconf 90' lang='lat' dir='ltr'><strong>cum</strong></span> <span class='ocrx_word' id='word_1_233' title='bbox 1078 3174 1159 3243; x_wconf 80' lang='lat' dir='ltr'><strong>Asc.</strong></span> <span class='ocrx_word' id='word_1_234' title='bbox 1178 3168 1298 3271; x_wconf 91' lang='lat' dir='ltr'><strong>prima</strong></span> <span class='ocrx_word' id='word_1_235' title='bbox 1321 3167 1407 3242; x_wconf 85' lang='lat'>1511</span> <span class='ocrx_word' id='word_1_236' title='bbox 1430 3168 1566 3242; x_wconf 89' lang='lat' dir='ltr'><strong>habeat</strong></span> <span class='ocrx_word' id='word_1_237' title='bbox 1582 3194 1623 3242; x_wconf 89' lang='lat' dir='ltr'><strong>se</strong></span> <span class='ocrx_word' id='word_1_238' title='bbox 1642 3170 1833 3269; x_wconf 68' lang='lat' dir='ltr'><strong>offi’runt,</strong></span> <span class='ocrx_word' id='word_1_239' title='bbox 1853 3177 2061 3274; x_wconf 83' lang='lat' dir='ltr'><strong>insequun—</strong></span> <span class='ocrx_word' id='word_1_240' title='bbox 2181 3207 2184 3216; x_wconf 95' lang='lat'>·</span> 
     </span>
     <span class='ocr_line' id='line_1_22' title="bbox 257 3300 2064 3411; baseline -0.005 -25"><span class='ocrx_word' id='word_1_241' title='bbox 257 3332 340 3395; x_wconf 89' lang='lat' dir='ltr'><strong>tur,</strong></span> <span class='ocrx_word' id='word_1_242' title='bbox 368 3338 401 3411; x_wconf 82' lang='lat' dir='ltr'><strong>q.</strong></span> <span class='ocrx_word' id='word_1_243' title='bbox 428 3352 479 3367; x_wconf 90' lang='grc'>-</span> <span class='ocrx_word' id='word_1_244' title='bbox 503 3306 585 3382; x_wconf 76' lang='lat' dir='ltr'><strong>Asc&#39;.</strong></span> <span class='ocrx_word' id='word_1_245' title='bbox 615 3335 685 3381; x_wconf 88' lang='lat' dir='ltr'><strong>sec.</strong></span> <span class='ocrx_word' id='word_1_246' title='bbox 711 3332 798 3381; x_wconf 91' lang='lat' dir='ltr'><strong>cum</strong></span> <span class='ocrx_word' id='word_1_247' title='bbox 816 3307 858 3378; x_wconf 87' lang='lat' dir='ltr'><strong>A.</strong></span> <span class='ocrx_word' id='word_1_248' title='bbox 879 3307 915 3375; x_wconf 93' lang='lat' dir='ltr'><strong>B.</strong></span> <span class='ocrx_word' id='word_1_249' title='bbox 942 3327 983 3375; x_wconf 91' lang='lat' dir='ltr'><strong>se</strong></span> <span class='ocrx_word' id='word_1_250' title='bbox 1007 3302 1196 3403; x_wconf 76' lang='lat' dir='ltr'><strong>affluunt,</strong></span> <span class='ocrx_word' id='word_1_251' title='bbox 1225 3307 1478 3383; x_wconf 81' lang='lat' dir='ltr'><strong>irnectantur,</strong></span> <span class='ocrx_word' id='word_1_252' title='bbox 1500 3327 1533 3402; x_wconf 81' lang='lat' dir='ltr'><strong>q.</strong></span> <span class='ocrx_word' id='word_1_253' title='bbox 1584 3300 1721 3373; x_wconf 86' lang='lat' dir='ltr'><strong>Tribus</strong></span> <span class='ocrx_word' id='word_1_254' title='bbox 1741 3302 1781 3375; x_wconf 91' lang='lat' dir='ltr'><strong>in</strong></span> <span class='ocrx_word' id='word_1_255' title='bbox 1802 3302 1921 3376; x_wconf 88' lang='lat' dir='ltr'><strong>Codd.</strong></span> <span class='ocrx_word' id='word_1_256' title='bbox 1943 3306 2064 3377; x_wconf 85' lang='lat' dir='ltr'><strong>exsti-</strong></span> 
     </span>
     <span class='ocr_line' id='line_1_23' title="bbox 256 3430 2053 3540; baseline -0.007 -20"><span class='ocrx_word' id='word_1_257' title='bbox 256 3449 340 3520; x_wconf 87' lang='lat' dir='ltr'><strong>tisse</strong></span> <span class='ocrx_word' id='word_1_258' title='bbox 367 3473 424 3518; x_wconf 90' lang='lat' dir='ltr'><strong>vv.</strong></span> <span class='ocrx_word' id='word_1_259' title='bbox 449 3443 655 3516; x_wconf 82' lang='lat' dir='ltr'><strong>insolenter</strong></span> <span class='ocrx_word' id='word_1_260' title='bbox 677 3457 716 3511; x_wconf 89' lang='lat' dir='ltr'><strong>et</strong></span> <span class='ocrx_word' id='word_1_261' title='bbox 737 3455 867 3540; x_wconf 89' lang='lat' dir='ltr'><strong>postea</strong></span> <span class='ocrx_word' id='word_1_262' title='bbox 891 3435 931 3508; x_wconf 90' lang='lat' dir='ltr'><strong>in</strong></span> <span class='ocrx_word' id='word_1_263' title='bbox 953 3434 1055 3509; x_wconf 90' lang='lat' dir='ltr'><strong>nullo</strong></span> <span class='ocrx_word' id='word_1_264' title='bbox 1079 3449 1229 3537; x_wconf 88' lang='lat' dir='ltr'><strong>reperta</strong></span> <span class='ocrx_word' id='word_1_265' title='bbox 1252 3459 1383 3535; x_wconf 90' lang='lat' dir='ltr'><strong>parum</strong></span> <span class='ocrx_word' id='word_1_266' title='bbox 1408 3448 1464 3507; x_wconf 83' lang='lat' dir='ltr'><strong>est</strong></span> <span class='ocrx_word' id='word_1_267' title='bbox 1479 3430 1697 3534; x_wconf 84' lang='lat' dir='ltr'><strong>probabile:</strong></span> <span class='ocrx_word' id='word_1_268' title='bbox 1724 3460 1797 3506; x_wconf 92' lang='lat' dir='ltr'><strong>nec</strong></span> <span class='ocrx_word' id='word_1_269' title='bbox 1818 3460 1910 3509; x_wconf 85' lang='lat' dir='ltr'><strong>vero</strong></span> <span class='ocrx_word' id='word_1_270' title='bbox 1933 3436 2053 3509; x_wconf 91' lang='lat' dir='ltr'><strong>multo</strong></span> 
     </span>
     <span class='ocr_line' id='line_1_24' title="bbox 255 3563 2060 3680; baseline -0.006 -29"><span class='ocrx_word' id='word_1_271' title='bbox 255 3575 504 3680; x_wconf 86' lang='lat' dir='ltr'><strong>probabilius,</strong></span> <span class='ocrx_word' id='word_1_272' title='bbox 530 3587 789 3646; x_wconf 80' lang='lat' dir='ltr'><strong>verumtamen</strong></span> <span class='ocrx_word' id='word_1_273' title='bbox 811 3565 1010 3653; x_wconf 89' lang='lat' dir='ltr'><strong>eiusmodi,</strong></span> <span class='ocrx_word' id='word_1_274' title='bbox 1036 3585 1080 3641; x_wconf 90' lang='lat' dir='ltr'><strong>ut</strong></span> <span class='ocrx_word' id='word_1_275' title='bbox 1105 3566 1185 3640; x_wconf 89' lang='lat' dir='ltr'><strong>lieri</strong></span> <span class='ocrx_word' id='word_1_276' title='bbox 1210 3565 1393 3668; x_wconf 88' lang='lat' dir='ltr'><strong>potuerit,</strong></span> <span class='ocrx_word' id='word_1_277' title='bbox 1421 3582 1497 3638; x_wconf 88' lang='lat' dir='ltr'><strong>tres</strong></span> <span class='ocrx_word' id='word_1_278' title='bbox 1516 3564 1686 3639; x_wconf 88' lang='lat' dir='ltr'><strong>homines</strong></span> <span class='ocrx_word' id='word_1_279' title='bbox 1708 3563 1839 3671; x_wconf 83' lang='lat' dir='ltr'><strong>doctos</strong></span> <span class='ocrx_word' id='word_1_280' title='bbox 1861 3595 1939 3641; x_wconf 91' lang='lat' dir='ltr'><strong>uno</strong></span> <span class='ocrx_word' id='word_1_281' title='bbox 1966 3597 2060 3642; x_wconf 92' lang='lat' dir='ltr'><strong>con-</strong></span> 
     </span>
     <span class='ocr_line' id='line_1_25' title="bbox 254 3698 2060 3805; baseline -0.006 -21"><span class='ocrx_word' id='word_1_282' title='bbox 254 3737 364 3784; x_wconf 80' lang='lat' dir='ltr'><strong>sensu</strong></span> <span class='ocrx_word' id='word_1_283' title='bbox 388 3736 493 3783; x_wconf 91' lang='lat' dir='ltr'><strong>suam</strong></span> <span class='ocrx_word' id='word_1_284' title='bbox 518 3707 718 3781; x_wconf 90' lang='lat' dir='ltr'><strong>lectionem</strong></span> <span class='ocrx_word' id='word_1_285' title='bbox 740 3703 990 3805; x_wconf 86' lang='lat' dir='ltr'><strong>composuisse</strong></span> <span class='ocrx_word' id='word_1_286' title='bbox 1020 3729 1041 3774; x_wconf 90' lang='lat' dir='ltr'><strong>e</strong></span> <span class='ocrx_word' id='word_1_287' title='bbox 1068 3699 1268 3774; x_wconf 88' lang='lat' dir='ltr'><strong>Codicibus</strong></span> <span class='ocrx_word' id='word_1_288' title='bbox 1293 3716 1331 3772; x_wconf 88' lang='lat' dir='ltr'><strong>et</strong></span> <span class='ocrx_word' id='word_1_289' title='bbox 1357 3698 1528 3772; x_wconf 91' lang='lat' dir='ltr'><strong>Iuntina:</strong></span> <span class='ocrx_word' id='word_1_290' title='bbox 1563 3723 1605 3771; x_wconf 89' lang='lat' dir='ltr'><strong>se</strong></span> <span class='ocrx_word' id='word_1_291' title='bbox 1627 3699 1799 3800; x_wconf 69' lang='lat' dir='ltr'><strong>efflarunt</strong></span> <span class='ocrx_word' id='word_1_292' title='bbox 1821 3703 2060 3786; x_wconf 82' lang='lat' dir='ltr'><strong>insolenter,</strong></span> 
     </span>
     <span class='ocr_line' id='line_1_26' title="bbox 255 3831 2061 3945; baseline -0.003 -30"><span class='ocrx_word' id='word_1_293' title='bbox 255 3841 394 3945; x_wconf 83' lang='lat' dir='ltr'><strong>quoad.</strong></span> <span class='ocrx_word' id='word_1_294' title='bbox 445 3842 624 3911; x_wconf 88' lang='lat' dir='ltr'><strong>Poterant</strong></span> <span class='ocrx_word' id='word_1_295' title='bbox 653 3854 744 3909; x_wconf 91' lang='lat' dir='ltr'><strong>tunc</strong></span> <span class='ocrx_word' id='word_1_296' title='bbox 770 3834 951 3910; x_wconf 89' lang='lat' dir='ltr'><strong>eiusmodi</strong></span> <span class='ocrx_word' id='word_1_297' title='bbox 980 3835 1160 3909; x_wconf 89' lang='lat' dir='ltr'><strong>lectiones</strong></span> <span class='ocrx_word' id='word_1_298' title='bbox 1192 3850 1382 3935; x_wconf 89' lang='lat' dir='ltr'><strong>tamquam</strong></span> <span class='ocrx_word' id='word_1_299' title='bbox 1416 3841 1538 3931; x_wconf 79' lang='grc' dir='ltr'><em>ἑρμαῒα</em></span> <span class='ocrx_word' id='word_1_300' title='bbox 1566 3858 1638 3935; x_wconf 88' lang='lat' dir='ltr'><strong>per</strong></span> <span class='ocrx_word' id='word_1_301' title='bbox 1658 3831 1914 3934; x_wconf 85' lang='lat' dir='ltr'><strong>professorum</strong></span> <span class='ocrx_word' id='word_1_302' title='bbox 1941 3832 2061 3909; x_wconf 89' lang='lat' dir='ltr'><strong>sebo-</strong></span> 
     </span>
     <span class='ocr_line' id='line_1_27' title="bbox 254 3962 2061 4073; baseline -0.004 -28"><span class='ocrx_word' id='word_1_303' title='bbox 254 3974 306 4046; x_wconf 90' lang='lat' dir='ltr'><strong>las</strong></span> <span class='ocrx_word' id='word_1_304' title='bbox 336 3989 376 4046; x_wconf 86' lang='lat' dir='ltr'><strong>et</strong></span> <span class='ocrx_word' id='word_1_305' title='bbox 402 3998 472 4073; x_wconf 91' lang='lat' dir='ltr'><strong>per</strong></span> <span class='ocrx_word' id='word_1_306' title='bbox 498 3968 671 4071; x_wconf 89' lang='lat' dir='ltr'><strong>epistolas</strong></span> <span class='ocrx_word' id='word_1_307' title='bbox 699 3967 773 4040; x_wconf 88' lang='lat' dir='ltr'><strong>late</strong></span> <span class='ocrx_word' id='word_1_308' title='bbox 798 3966 1016 4069; x_wconf 89' lang='lat' dir='ltr'><strong>propagari:</strong></span> <span class='ocrx_word' id='word_1_309' title='bbox 1054 3992 1158 4051; x_wconf 92' lang='lat' dir='ltr'><strong>nam,</strong></span> <span class='ocrx_word' id='word_1_310' title='bbox 1181 3983 1225 4037; x_wconf 89' lang='lat' dir='ltr'><strong>ut</strong></span> <span class='ocrx_word' id='word_1_311' title='bbox 1252 3962 1522 4065; x_wconf 84' lang='lat' dir='ltr'><strong>praediximus,</strong></span> <span class='ocrx_word' id='word_1_312' title='bbox 1548 3964 1657 4064; x_wconf 91' lang='lat' dir='ltr'><strong>longe</strong></span> <span class='ocrx_word' id='word_1_313' title='bbox 1679 3965 1798 4039; x_wconf 90' lang='lat' dir='ltr'><strong>maior</strong></span> <span class='ocrx_word' id='word_1_314' title='bbox 1827 3992 1870 4039; x_wconf 89' lang='lat' dir='ltr'><strong>ac</strong></span> <span class='ocrx_word' id='word_1_315' title='bbox 1913 3965 2061 4066; x_wconf 87' lang='lat' dir='ltr'><strong>gravior</strong></span> 
     </span>
     <span class='ocr_line' id='line_1_28' title="bbox 255 4095 2053 4197; baseline -0.006 -17"><span class='ocrx_word' id='word_1_316' title='bbox 255 4123 309 4180; x_wconf 87' lang='lat' dir='ltr'><strong>est</strong></span> <span class='ocrx_word' id='word_1_317' title='bbox 341 4131 520 4180; x_wconf 89' lang='lat' dir='ltr'><strong>numerus</strong></span> <span class='ocrx_word' id='word_1_318' title='bbox 553 4105 724 4176; x_wconf 90' lang='lat' dir='ltr'><strong>locorum</strong></span> <span class='ocrx_word' id='word_1_319' title='bbox 752 4100 792 4172; x_wconf 93' lang='lat' dir='ltr'><strong>in</strong></span> <span class='ocrx_word' id='word_1_320' title='bbox 825 4098 945 4172; x_wconf 89' lang='lat' dir='ltr'><strong>tribus</strong></span> <span class='ocrx_word' id='word_1_321' title='bbox 979 4096 1073 4171; x_wconf 88' lang='lat' dir='ltr'><strong>Edd.</strong></span> <span class='ocrx_word' id='word_1_322' title='bbox 1109 4097 1178 4169; x_wconf 91' lang='lat' dir='ltr'><strong>illis</strong></span> <span class='ocrx_word' id='word_1_323' title='bbox 1212 4096 1523 4197; x_wconf 88' lang='lat' dir='ltr'><strong>discrepantium,</strong></span> <span class='ocrx_word' id='word_1_324' title='bbox 1562 4121 1676 4195; x_wconf 81' lang='lat' dir='ltr'><strong>quarn</strong></span> <span class='ocrx_word' id='word_1_325' title='bbox 1708 4113 1750 4168; x_wconf 91' lang='lat' dir='ltr'><strong>ut</strong></span> <span class='ocrx_word' id='word_1_326' title='bbox 1780 4096 1828 4169; x_wconf 92' lang='lat' dir='ltr'><strong>de</strong></span> <span class='ocrx_word' id='word_1_327' title='bbox 1861 4095 2053 4170; x_wconf 90' lang='lat' dir='ltr'><strong>communi</strong></span> 
     </span>
     <span class='ocr_line' id='line_1_29' title="bbox 255 4225 2055 4338; baseline -0.003 -29"><span class='ocrx_word' id='word_1_328' title='bbox 255 4236 357 4310; x_wconf 85' lang='lat' dir='ltr'><strong>sonte</strong></span> <span class='ocrx_word' id='word_1_329' title='bbox 379 4239 541 4338; x_wconf 87' lang='lat' dir='ltr'><strong>cogitare</strong></span> <span class='ocrx_word' id='word_1_330' title='bbox 562 4235 681 4308; x_wconf 90' lang='lat' dir='ltr'><strong>liceat.</strong></span> <span class='ocrx_word' id='word_1_331' title='bbox 732 4231 857 4305; x_wconf 90' lang='lat' dir='ltr'><strong>Facile</strong></span> <span class='ocrx_word' id='word_1_332' title='bbox 874 4249 1005 4306; x_wconf 91' lang='lat' dir='ltr'><strong>contra</strong></span> <span class='ocrx_word' id='word_1_333' title='bbox 1023 4230 1277 4330; x_wconf 82' lang='lat' dir='ltr'><strong>intelligimus,</strong></span> <span class='ocrx_word' id='word_1_334' title='bbox 1298 4254 1367 4301; x_wconf 89' lang='lat' dir='ltr'><strong>cur</strong></span> <span class='ocrx_word' id='word_1_335' title='bbox 1388 4234 1413 4323; x_wconf 93' lang='lat' dir='ltr'>S</span> <span class='ocrx_word' id='word_1_336' title='bbox 1432 4237 1488 4324; x_wconf 77' lang='lat'><strong>37.</strong></span> <span class='ocrx_word' id='word_1_337' title='bbox 1511 4229 1569 4301; x_wconf 89' lang='lat' dir='ltr'><strong>bc.</strong></span> <span class='ocrx_word' id='word_1_338' title='bbox 1591 4227 1779 4300; x_wconf 86' lang='lat' dir='ltr'><strong>servarint</strong></span> <span class='ocrx_word' id='word_1_339' title='bbox 1796 4225 1948 4302; x_wconf 86' lang='lat' dir='ltr'><strong>foedam</strong></span> <span class='ocrx_word' id='word_1_340' title='bbox 1971 4229 2055 4304; x_wconf 76' lang='lat' dir='ltr'><strong>Asa.</strong></span> 
     </span>
     <span class='ocr_line' id='line_1_30' title="bbox 253 4361 2059 4471; baseline -0.003 -29"><span class='ocrx_word' id='word_1_341' title='bbox 253 4396 323 4443; x_wconf 78' lang='lat' dir='ltr'><strong>sec.</strong></span> <span class='ocrx_word' id='word_1_342' title='bbox 360 4368 614 4471; x_wconf 89' lang='lat' dir='ltr'><strong>corruptelam</strong></span> <span class='ocrx_word' id='word_1_343' title='bbox 645 4366 891 4466; x_wconf 83' lang='lat' dir='ltr'><strong>populariter</strong></span> <span class='ocrx_word' id='word_1_344' title='bbox 923 4381 1064 4463; x_wconf 85' lang='lat' dir='ltr'><strong>agente.</strong></span> <span class='ocrx_word' id='word_1_345' title='bbox 1118 4361 1302 4435; x_wconf 83' lang='lat' dir='ltr'><strong>Attamen</strong></span> <span class='ocrx_word' id='word_1_346' title='bbox 1334 4387 1401 4433; x_wconf 87' lang='lat' dir='ltr'><strong>nec</strong></span> <span class='ocrx_word' id='word_1_347' title='bbox 1434 4370 1714 4460; x_wconf 79' lang='lat' dir='ltr'><strong>tergiversatus</strong></span> <span class='ocrx_word' id='word_1_348' title='bbox 1734 4369 1861 4449; x_wconf 71' lang='lat' dir='ltr'><strong>fcesstr</strong></span> <span class='ocrx_word' id='word_1_349' title='bbox 1881 4393 1953 4469; x_wconf 92' lang='lat' dir='ltr'><strong>pro</strong></span> <span class='ocrx_word' id='word_1_350' title='bbox 1988 4392 2059 4463; x_wconf 84' lang='lat' dir='ltr'><strong>po-</strong></span> 
     </span>
     <span class='ocr_line' id='line_1_31' title="bbox 250 4493 2060 4600; baseline -0.002 -28"><span class='ocrx_word' id='word_1_351' title='bbox 250 4502 445 4597; x_wconf 87' lang='lat' dir='ltr'><strong>pulariter</strong></span> <span class='ocrx_word' id='word_1_352' title='bbox 483 4499 791 4600; x_wconf 78' lang='lat' dir='ltr'><strong>abstinenterque</strong></span> <span class='ocrx_word' id='word_1_353' title='bbox 824 4512 993 4568; x_wconf 81' lang='lat' dir='ltr'><strong>versato.</strong></span> <span class='ocrx_word' id='word_1_354' title='bbox 1056 4496 1180 4569; x_wconf 86' lang='lat' dir='ltr'><strong>Cessit</strong></span> <span class='ocrx_word' id='word_1_355' title='bbox 1211 4493 1300 4588; x_wconf 77' lang='lat' dir='ltr'><strong>(d),</strong></span> <span class='ocrx_word' id='word_1_356' title='bbox 1337 4495 1366 4568; x_wconf 90' lang='lat' dir='ltr'><strong>si</strong></span> <span class='ocrx_word' id='word_1_357' title='bbox 1405 4495 1445 4569; x_wconf 89' lang='lat' dir='ltr'><strong>in</strong></span> <span class='ocrx_word' id='word_1_358' title='bbox 1476 4498 1550 4572; x_wconf 90' lang='lat' dir='ltr'><strong>suis</strong></span> <span class='ocrx_word' id='word_1_359' title='bbox 1585 4496 1704 4573; x_wconf 76' lang='lat' dir='ltr'><strong>coda</strong></span> <span class='ocrx_word' id='word_1_360' title='bbox 1743 4516 1910 4575; x_wconf 91' lang='lat' dir='ltr'><strong>monstra</strong></span> <span class='ocrx_word' id='word_1_361' title='bbox 1955 4499 2060 4575; x_wconf 89' lang='lat' dir='ltr'><strong>lecti-</strong></span> 
     </span>
    </p>
   </div>
   <div class='ocr_carea' id='block_1_6' title="bbox 255 4626 2056 4737">
    <p class='ocr_par' dir='ltr' id='par_1_6' title="bbox 255 4626 2056 4737">
     <span class='ocr_line' id='line_1_32' title="bbox 255 4626 2056 4737; baseline -0.004 -29"><span class='ocrx_word' id='word_1_362' title='bbox 255 4631 335 4708; x_wconf 92' lang='lat' dir='ltr'><strong>onis</strong></span> <span class='ocrx_word' id='word_1_363' title='bbox 358 4631 427 4734; x_wconf 91' lang='lat' dir='ltr'><strong>ipsi</strong></span> <span class='ocrx_word' id='word_1_364' title='bbox 454 4658 607 4731; x_wconf 77' lang='lat' dir='ltr'><strong>(proque</strong></span> <span class='ocrx_word' id='word_1_365' title='bbox 631 4644 884 4732; x_wconf 88' lang='lat' dir='ltr'><strong>reppererunt</strong></span> <span class='ocrx_word' id='word_1_366' title='bbox 909 4626 1039 4701; x_wconf 91' lang='lat' dir='ltr'><strong>similia</strong></span> <span class='ocrx_word' id='word_1_367' title='bbox 1064 4626 1281 4701; x_wconf 88' lang='lat' dir='ltr'><strong>Bernensis:</strong></span> <span class='ocrx_word' id='word_1_368' title='bbox 1307 4631 1580 4726; x_wconf 80' lang='lat' dir='ltr'><strong>popularitera</strong></span> <span class='ocrx_word' id='word_1_369' title='bbox 1611 4636 1677 4704; x_wconf 89' lang='lat' dir='ltr'><strong>isti</strong></span> <span class='ocrx_word' id='word_1_370' title='bbox 1699 4650 1880 4737; x_wconf 81' lang='lat' dir='ltr'><strong>neterque</strong></span> <span class='ocrx_word' id='word_1_371' title='bbox 1903 4647 2056 4706; x_wconf 80' lang='lat' dir='ltr'><strong>versato</strong></span> 
     </span>
    </p>
   </div>
   <div class='ocr_carea' id='block_1_7' title="bbox 254 4767 377 4836">
    <p class='ocr_par' dir='ltr' id='par_1_7' title="bbox 254 4767 377 4836">
     <span class='ocr_line' id='line_1_33' title="bbox 254 4767 377 4836; baseline 0.008 -1"><span class='ocrx_word' id='word_1_372' title='bbox 254 4767 377 4836; x_wconf 86' lang='lat' dir='ltr'><strong>cessit.</strong></span> 
     </span>
    </p>
   </div>
   <div class='ocr_carea' id='block_1_8' title="bbox 218 4921 2055 5426">
    <p class='ocr_par' dir='ltr' id='par_1_8' title="bbox 350 4921 2055 5029">
     <span class='ocr_line' id='line_1_34' title="bbox 350 4921 2055 5029; baseline 0.001 -28"><span class='ocrx_word' id='word_1_373' title='bbox 350 4931 430 5001; x_wconf 85' lang='lat' dir='ltr'><strong>lam</strong></span> <span class='ocrx_word' id='word_1_374' title='bbox 446 4926 558 5000; x_wconf 90' lang='lat' dir='ltr'><strong>huius</strong></span> <span class='ocrx_word' id='word_1_375' title='bbox 582 4925 755 4999; x_wconf 87' lang='lat' dir='ltr'><strong>editionis</strong></span> <span class='ocrx_word' id='word_1_376' title='bbox 777 4954 820 5000; x_wconf 91' lang='lat' dir='ltr'><strong>ea</strong></span> <span class='ocrx_word' id='word_1_377' title='bbox 839 4928 934 5000; x_wconf 90' lang='lat' dir='ltr'><strong>ratio</strong></span> <span class='ocrx_word' id='word_1_378' title='bbox 962 4942 1040 5012; x_wconf 90' lang='lat' dir='ltr'><strong>est,</strong></span> <span class='ocrx_word' id='word_1_379' title='bbox 1066 4943 1111 4999; x_wconf 90' lang='lat' dir='ltr'><strong>ut</strong></span> <span class='ocrx_word' id='word_1_380' title='bbox 1132 4953 1218 4998; x_wconf 88' lang='lat' dir='ltr'><strong>cnm</strong></span> <span class='ocrx_word' id='word_1_381' title='bbox 1243 4927 1399 5000; x_wconf 88' lang='lat' dir='ltr'><strong>Codices</strong></span> <span class='ocrx_word' id='word_1_382' title='bbox 1415 4930 1501 5000; x_wconf 88' lang='lat' dir='ltr'><strong>Vat.</strong></span> <span class='ocrx_word' id='word_1_383' title='bbox 1528 4931 1632 5002; x_wconf 82' lang='lat' dir='ltr'><strong>ABG.</strong></span> <span class='ocrx_word' id='word_1_384' title='bbox 1651 4921 1822 5029; x_wconf 43' lang='lat' dir='ltr'><strong>‘pressius</strong></span> <span class='ocrx_word' id='word_1_385' title='bbox 1848 4953 1962 5028; x_wconf 89' lang='lat' dir='ltr'><strong>quam</strong></span> <span class='ocrx_word' id='word_1_386' title='bbox 1989 4955 2055 5003; x_wconf 90' lang='lat' dir='ltr'><strong>an-</strong></span> 
     </span>
    </p>

    <p class='ocr_par' dir='ltr' id='par_1_9' title="bbox 253 5055 2055 5293">
     <span class='ocr_line' id='line_1_35' title="bbox 254 5055 2055 5159; baseline 0 -27"><span class='ocrx_word' id='word_1_387' title='bbox 254 5079 332 5147; x_wconf 90' lang='lat' dir='ltr'><strong>tea,</strong></span> <span class='ocrx_word' id='word_1_388' title='bbox 359 5079 439 5134; x_wconf 92' lang='lat' dir='ltr'><strong>tum</strong></span> <span class='ocrx_word' id='word_1_389' title='bbox 462 5058 692 5159; x_wconf 83' lang='lat' dir='ltr'><strong>Madvigium</strong></span> <span class='ocrx_word' id='word_1_390' title='bbox 715 5059 833 5134; x_wconf 91' lang='lat' dir='ltr'><strong>secuti</strong></span> <span class='ocrx_word' id='word_1_391' title='bbox 857 5057 1048 5132; x_wconf 83' lang='lat' dir='ltr'><strong>brevitatis</strong></span> <span class='ocrx_word' id='word_1_392' title='bbox 1073 5084 1183 5131; x_wconf 87' lang='lat' dir='ltr'><strong>causa</strong></span> <span class='ocrx_word' id='word_1_393' title='bbox 1211 5060 1451 5134; x_wconf 72' lang='lat' dir='ltr'><strong>metor-itatcs</strong></span> <span class='ocrx_word' id='word_1_394' title='bbox 1477 5084 1607 5130; x_wconf 90' lang='lat' dir='ltr'><strong>carum</strong></span> <span class='ocrx_word' id='word_1_395' title='bbox 1634 5055 1827 5131; x_wconf 84' lang='lat' dir='ltr'><strong>dumtaxat</strong></span> <span class='ocrx_word' id='word_1_396' title='bbox 1847 5057 2055 5133; x_wconf 86' lang='lat' dir='ltr'><strong>lectionum</strong></span> 
     </span>
     <span class='ocr_line' id='line_1_36' title="bbox 253 5188 2052 5293; baseline 0 -31"><span class='ocrx_word' id='word_1_397' title='bbox 253 5190 520 5278; x_wconf 90' lang='lat' dir='ltr'><strong>indicaremus,</strong></span> <span class='ocrx_word' id='word_1_398' title='bbox 542 5190 678 5293; x_wconf 92' lang='lat' dir='ltr'><strong>quibus</strong></span> <span class='ocrx_word' id='word_1_399' title='bbox 696 5192 736 5264; x_wconf 92' lang='lat' dir='ltr'><strong>in</strong></span> <span class='ocrx_word' id='word_1_400' title='bbox 751 5190 974 5265; x_wconf 89' lang='lat' dir='ltr'><strong>lectionibus</strong></span> <span class='ocrx_word' id='word_1_401' title='bbox 996 5188 1091 5263; x_wconf 90' lang='lat' dir='ltr'><strong>haec</strong></span> <span class='ocrx_word' id='word_1_402' title='bbox 1112 5192 1280 5264; x_wconf 90' lang='lat' dir='ltr'><strong>recensio</strong></span> <span class='ocrx_word' id='word_1_403' title='bbox 1303 5191 1427 5266; x_wconf 83' lang='lat' dir='ltr'><strong>differt</strong></span> <span class='ocrx_word' id='word_1_404' title='bbox 1450 5217 1472 5263; x_wconf 90' lang='lat' dir='ltr'><strong>a</strong></span> <span class='ocrx_word' id='word_1_405' title='bbox 1498 5191 1607 5265; x_wconf 88' lang='lat' dir='ltr'><strong>Curis</strong></span> <span class='ocrx_word' id='word_1_406' title='bbox 1624 5190 1799 5267; x_wconf 87' lang='lat' dir='ltr'><strong>secundis</strong></span> <span class='ocrx_word' id='word_1_407' title='bbox 1827 5191 2052 5288; x_wconf 83' lang='lat' dir='ltr'><strong>easdemque</strong></span> 
     </span>
    </p>

    <p class='ocr_par' dir='ltr' id='par_1_10' title="bbox 218 5304 2052 5426">
     <span class='ocr_line' id='line_1_37' title="bbox 218 5304 2052 5426; baseline -0.003 -29"><span class='ocrx_word' id='word_1_408' title='bbox 218 5304 221 5309; x_wconf 17' lang='grc' dir='ltr'>ι</span> <span class='ocrx_word' id='word_1_409' title='bbox 251 5323 403 5423; x_wconf 87' lang='lat' dir='ltr'><strong>corrigit</strong></span> <span class='ocrx_word' id='word_1_410' title='bbox 429 5348 472 5396; x_wconf 87' lang='lat' dir='ltr'><strong>ac</strong></span> <span class='ocrx_word' id='word_1_411' title='bbox 497 5322 668 5426; x_wconf 78' lang='lat' dir='ltr'><strong>supplet,</strong></span> <span class='ocrx_word' id='word_1_412' title='bbox 699 5322 781 5421; x_wconf 79' lang='lat' dir='ltr'><strong>(ubi</strong></span> <span class='ocrx_word' id='word_1_413' title='bbox 804 5321 1056 5407; x_wconf 88' lang='lat' dir='ltr'><strong>concordant,</strong></span> <span class='ocrx_word' id='word_1_414' title='bbox 1084 5323 1125 5395; x_wconf 92' lang='lat' dir='ltr'><strong>in</strong></span> <span class='ocrx_word' id='word_1_415' title='bbox 1148 5321 1206 5395; x_wconf 87' lang='lat' dir='ltr'><strong>bis</strong></span> <span class='ocrx_word' id='word_1_416' title='bbox 1228 5323 1468 5425; x_wconf 85' lang='lat' dir='ltr'><strong>quaerendae</strong></span> <span class='ocrx_word' id='word_1_417' title='bbox 1487 5319 1613 5418; x_wconf 77' lang='lat' dir='ltr'><strong>tunt3)</strong></span> <span class='ocrx_word' id='word_1_418' title='bbox 1639 5350 1789 5401; x_wconf 85' lang='lat' dir='ltr'><strong>omnem</strong></span> <span class='ocrx_word' id='word_1_419' title='bbox 1816 5340 1943 5398; x_wconf 85' lang='lat' dir='ltr'><strong>autem</strong></span> <span class='ocrx_word' id='word_1_420' title='bbox 1962 5342 2052 5395; x_wconf 83' lang='lat' dir='ltr'><strong>eno·</strong></span> 
     </span>
    </p>
   </div>
   <div class='ocr_carea' id='block_1_9' title="bbox 0 0 2382 6068">
    <p class='ocr_par' dir='ltr' id='par_1_11' title="bbox 0 0 2382 6068">
     <span class='ocr_line' id='line_1_38' title="bbox 0 0 2382 6068; baseline 0 1"><span class='ocrx_word' id='word_1_421' title='bbox 0 0 2382 6068; x_wconf 95' lang='lat' dir='ltr'><strong> </strong></span> 
     </span>
    </p>
   </div>
  </div>
 </body>
</html>
