4740 6068
308 348 357 416 '16
983 332 1008 365 '¹

308 525 375 608 vit,
395 532 433 586 ut
451 521 547 584 illum
561 515 732 582 hominem
744 512 1017 598 perditissumum
1031 520 1131 594 atque
1149 511 1487 595 impudentissumum
1505 533 1613 597 paene
1636 512 1702 576 iam
1716 511 1907 595 provinciae
1919 514 2119 593 poeniteret.

310 639 359 698 σι.
386 630 452 689 Cur
478 626 580 711 igitur
607 619 775 708 rogationi
801 619 935 703 paruit?
958 655 998 668 -
1017 618 1121 702 Quasi
1144 638 1225 681 vero
1255 618 1313 682 illc
1338 639 1408 681 non
1433 618 1470 681 in
1489 617 1571 681 alias
1591 637 1729 698 quoque
1748 620 1859 702 leges,
1886 637 1968 698 quas
1992 619 2120 683 iniust·

309 742 442 819 rogatas
461 738 611 813 putaret,
638 727 706 792 iam
727 735 803 789 ante
824 725 958 788 iuraritt
989 728 1066 786 Non
1085 718 1183 787 offert
1201 744 1238 788 se
1256 725 1315 787 ille
1334 723 1405 787 istis
1425 723 1681 803 temeritatibus,
1711 732 1766 796 ut,
1796 743 1871 785 cum
1889 723 1940 786 rci
1959 723 2117 805 publicae

309 839 394 902 nihil
419 836 541 920 prosit,
568 855 605 899 se
630 834 703 897 cive
729 852 801 907 rem
829 828 1000 912 publicam
1028 828 1147 911 privet.
1187 830 1332 891 Consule
1357 847 1412 891 me
1439 849 1516 890 curn
1541 839 1627 892 essct
1652 825 1843 910 designatus
1870 828 2023 892 tribunus
2048 830 2117 910 pl.,

270 942 433 1019 subtulit
452 941 488 1003 in
509 940 687 1003 discrimen
707 937 809 999 vitam
830 956 944 1013 suam,
973 934 1055 997 dixit
1081 956 1154 997 eam
1181 933 1393 1013 senteutiam,
1419 931 1514 996 cuius
1538 932 1699 995 invidiam
1725 933 1841 1015 capitis
1869 934 2020 1016 periculo
2049 935 2119 998 sibi

203 1066 209 1075 ·
312 1049 544 1131 praestandam
562 1044 712 1123 videbat,
732 1041 816 1103 dixit
834 1044 1061 1118 vehementem
1082 1040 1149 1124 egit
1167 1039 1298 1117 acriter;
1320 1058 1373 1118 ea,
1395 1058 1481 1117 quae
1501 1038 1618 1117 sensit,
1638 1059 1719 1120 prae
1738 1057 1774 1100 sc
1796 1038 1883 1116 tulit3
1908 1042 1976 1108 dux
1998 1050 2117 1104 auctor

312 1162 406 1217 actor
425 1171 537 1214 rerum
558 1149 691 1212 illarum
712 1146 796 1207 tuit:
827 1165 897 1208 non
928 1164 996 1225 quo
1016 1144 1202 1227 periculum
1231 1163 1330 1207 suum
1356 1161 1426 1204 uon
1453 1142 1597 1223 videret,
1628 1153 1678 1205 set
1704 1141 1741 1204 in
1769 1151 1858 1209 tanta
1885 1144 2117 1229 reipublicae

273 1284 280 1295 ·
311 1266 506 1340 tempestate
525 1254 611 1318 nihil
630 1253 695 1316 sibi
714 1251 780 1314 nisi
800 1253 842 1313 de
861 1249 988 1332 patriae
1007 1248 1164 1331 periculis
1185 1247 1400 1333 cogitandum
1419 1249 1569 1330 putabat.

390 1347 511 1425 xlttx.
552 1363 601 1424 62.
625 1361 828 1422 Consecutus
855 1364 905 1417 est
930 1353 1035 1435 ipsius
1062 1354 1261 1417 tribunatus.
1303 1351 1390 1438 Quid
1416 1370 1480 1436 ego
1508 1354 1551 1416 de
1578 1352 1740 1438 singulari
1763 1353 1992 1438 magnitudine
2012 1354 2120 1416 animi
2149 1359 2151 1365 ’

255 1465 296 1531 10
315 1467 386 1530 eius
406 1487 445 1528 ac
465 1467 508 1527 de
527 1462 717 1527 incredibili
736 1461 858 1523 virtute
880 1460 1012 1523 dicam?
1043 1458 1240 1523 Meministis
1259 1458 1356 1521 illum
1378 1456 1481 1538 diem,
1507 1479 1584 1520 cum
1613 1462 1739 1541 templo
1759 1482 1779 1524 a
1800 1462 1930 1543 collega
1951 1469 2118 1541 occupato

312 1570 410 1631 nobis
430 1567 587 1630 omnibus
608 1569 651 1628 de
670 1565 739 1628 vita
758 1566 829 1629 eius
849 1551 912 1628 viri
932 1574 964 1628 et
984 1565 1064 1628 civis
1088 1566 1299 1646 timentibus,
1326 1565 1399 1646 ipse
1419 1564 1531 1627 animo
1552 1564 1759 1629 firmissumo
1788 1565 1877 1628 venit
1897 1565 1932 1626 in
1953 1567 2118 1647 templum

313 1683 345 1736 et
365 1675 546 1736 clamorem
564 1670 742 1734 bominum
755 1671 966 1752 auctoritate,
984 1671 1147 1753 impetum
1163 1671 1397 1753 improborum
1411 1670 1532 1732 virtute
1544 1670 1682 1733 sedavit.
1722 1670 1811 1732 Adiit
1829 1680 1900 1734 tum
1912 1670 2118 1753 periculum,

311 1788 362 1842 set
381 1775 527 1841 adiifoh
559 1797 633 1840 eam
654 1797 806 1859 causam,
832 1798 920 1857 quae
946 1786 1070 1857 quanta
1095 1776 1208 1858 fuerit,
1235 1775 1302 1838 iam
1328 1774 1413 1838 mihi
1440 1775 1548 1838 dicere
1574 1794 1645 1836 non
1671 1784 1720 1838 est
1748 1783 1914 1838 necesse.'
1935 1780 1976 1838 At
2001 1775 2032 1839 si
2059 1773 2118 1838 isti

310 1883 455 1965 Cypriae
472 1883 641 1967 rogationi
663 1884 942 1946 sceleratissumae
961 1901 1030 1944 nou
1050 1880 1230 1964 paruisset,
1258 1882 1409 1944 haereret
1428 1880 1488 1943 illa
1507 1880 1613 1942 nihilo
1636 1880 1747 1942 minus
1766 1879 1816 1942 rei
1836 1880 1991 1962 publicae
2012 1881 2120 1961 turpi·-

221 2017 227 2034 ·
254 2000 294 2064 15
313 1991 407 2055 tudo.
447 1992 568 2073 Regno
598 1988 688 2052 enirn
717 1989 785 2053 iam
812 1988 982 2070 publicato
1006 1988 1049 2049 de
1075 1986 1150 2068 ipso
1182 1988 1305 2048 Catone
1337 1992 1406 2046 erat
1435 1983 1634 2045 nominatim
1665 1995 1830 2062 rogatum.
1873 1986 1971 2066 Quod
1999 1985 2058 2046 ille
2086 1985 2118 2046 si

310 2093 532 2177 repudiasset,
562 2095 741 2175 dubitatis,
772 2094 856 2175 quin
884 2093 915 2155 ei
940 2092 990 2155 vis
1017 2101 1102 2154 essm
1131 2090 1245 2150 allata.
1273 2104 1351 2140 cum
1374 2079 1487 2138 omnia
1507 2088 1579 2140 acta
1598 2077 1689 2142 illius
1710 2083 1789 2144 anni
1808 2104 1870 2165 per
1889 2107 1995 2148 uuum
2016 2087 2115 2151 illum

309 2197 501 2263 labefactari
520 2197 738 2261 viderentur?
770 2206 820 2260 63.
842 2203 952 2262 Atque
972 2194 1070 2257 etiam
1089 2186 1156 2242 hoc
1175 2178 1325 2244 Videbat:
1346 2181 1508 2260 quoniam
1528 2184 1585 2247 illa
1605 2184 1642 2247 in
1661 2189 1854 2269 republica
1875 2193 2004 2255 macula
2017 2196 2115 2277 regni

309 2298 470 2378 publicati
490 2302 656 2369 maneret,
677 2308 780 2368 quam
800 2306 900 2349 nemo
920 2285 988 2348 ianr
1008 2294 1123 2366 posset
1143 2286 1273 2368 eluere,
1294 2290 1387 2366 quod
1407 2308 1449 2350 ex
1470 2289 1565 2352 malis
1586 2291 1669 2353 boni
1683 2303 1797 2373 posset
1809 2292 1929 2357 inrem
1942 2295 2114 2376 publicam

309 2397 503 2482 pervenire,
523 2395 559 2457 id
579 2396 692 2458 utilius
714 2413 786 2457 esse
805 2413 867 2474 per
886 2411 922 2454 sc
943 2390 1133 2453 conservari
1151 2411 1253 2470 quam
1272 2412 1334 2472 per
1353 2393 1448 2456 alios.
1487 2397 1596 2474 Atque
1615 2397 1692 2480 ille,
1713 2398 1813 2461 etiarn
1831 2398 1862 2462 si
1877 2400 1942 2462 alia
1955 2400 2115 2482 quapiam

253 2508 295 2573 90
313 2505 349 2567 vi
368 2505 587 2585 expelleretur
606 2499 672 2562 illis
693 2499 900 2580 temporibus
926 2518 967 2559 ex
992 2499 1054 2558 hac
1081 2499 1192 2576 Urbe,
1217 2496 1315 2559 facile
1340 2507 1518 2579 pateretur.
1559 2502 1708 2583 Etenim,
1738 2503 1798 2583 qui
1823 2506 1997 2586 superiore
2022 2526 2113 2568 anno

310 2618 426 2673 senatu
453 2606 629 2680 caruisset,
658 2622 728 2683 quo
756 2602 786 2665 si
812 2612 882 2665 tum
906 2601 1049 2680 veniret,
1079 2621 1133 2663 mc
1159 2610 1271 2662 tamen
1295 2599 1425 2664 socium
1450 2622 1588 2666 suorum
1613 2605 1649 2667 iu
1676 2628 1714 2670 re
1737 2608 1872 2688 publica
1895 2609 2113 2672 consiliorum

308 2712 424 2779 videte
443 2719 569 2794 posset,
589 2709 618 2773 is
638 2727 747 2789 aequo
769 2705 882 2768 animo
904 2712 973 2764 tum
995 2722 1049 2764 mo
1068 2704 1207 2784 expulso
1229 2713 1261 2766 et
1280 2724 1357 2767 meo
1377 2705 1514 2769 nomine
1534 2707 1612 2769 eirrn
1627 2710 1783 2773 universo
1798 2725 1930 2794 senatu,
1953 2726 2024 2778 tum
2037 2736 2114 2778 seu·

204 2889 216 2902 „
310 2817 411 2883 tentia
431 2836 493 2881 sua
513 2817 733 2878 condemnata
752 2811 788 2870 in
807 2811 870 2870 hac
890 2809 981 2869 Urbe
1002 2827 1073 2871 esse
1092 2814 1231 2890 posset?
1260 2811 1321 2874 Ille
1347 2831 1428 2874 vero
1455 2811 1564 2875 eidem
1586 2813 1744 2896 tempori,
1775 2817 1829 2879 cui
1853 2837 1932 2899 nos,
1961 2821 2111 2883 eiusdem

308 2923 416 2985 furori
447 2932 479 2982 et
509 2921 634 2980 eisdem
665 2913 875 2994 consulibus,
906 2912 1031 2975 eisdem
1059 2913 1159 2977 minis
1194 2914 1323 2979 insidiis
1353 2916 1509 2998 periculis
1534 2916 1640 2981 cessit.
1680 2921 1823 2984 Luctum
1850 2943 1912 2986 nos
1938 2925 2111 2991 hausimus

253 3032 294 3097 95
314 3025 490 3103 maiorem,
511 3023 663 3084 dolorem
682 3019 740 3082 ille
757 3019 860 3082 animi
878 3039 947 3080 non
968 3019 1143 3082 minorem.

390 3131 492 3194 XXX.
533 3131 583 3209 ⁶4·
603 3127 664 3190 His
684 3129 725 3188 dc
747 3134 795 3186 tot
815 3123 980 3202 tantisque
994 3110 1132 3186 'iniuriis
1151 3123 1187 3185 in
1204 3123 1334 3205 socios,
1360 3124 1397 3186 in
1423 3145 1536 3209 reges,
1567 3125 1604 3188 iu
1624 3127 1770 3194 civitates
1790 3131 1913 3196 liberas
1934 3138 2112 3198 consulum

311 3236 448 3316 querela
469 3252 543 3297 esse
564 3231 700 3296 debuit:
729 3229 765 3291 in
792 3228 863 3291 eius
884 3229 1093 3312 magistratus
1119 3231 1220 3293 tutela
1245 3250 1342 3313 reges
1363 3240 1464 3310 atque
1483 3240 1613 3294 exterae
1634 3234 1785 3298 nationes
1810 3257 1946 3319 semper
1962 3239 2109 3303 luerunt.

310 3344 442 3421 Ecquae
461 3358 528 3402 vox
547 3356 695 3417 unquam
716 3343 765 3396 cst
784 3335 897 3397 audita
915 3337 1118 3399 consulum?
1136 3339 1346 3420 Quamquam
1367 3337 1441 3417 quis
1461 3337 1604 3419 audiret,
1624 3339 1655 3400 si
1674 3360 1829 3403 maxume
1846 3345 1940 3422 queri
1961 3347 2110 3407 vellent?

310 3447 360 3505 De
381 3444 506 3523 Cyprio
526 3460 605 3525 rege
626 3443 870 3519 quererentur?
903 3438 962 3519 qui
987 3461 1041 3503 mc
1069 3440 1175 3504 civem
1203 3444 1297 3504 nullo
1325 3462 1400 3504 meo
1421 3443 1573 3523 crimine,
1600 3443 1726 3524 patrIae
1746 3447 1882 3509 nomine
1903 3451 2110 3513 laborantem

252 3556 295 3621 30
314 3567 383 3608 non
403 3547 506 3608 modo
527 3554 667 3607 stantem
689 3565 758 3607 non
779 3546 1019 3621 defenderunt,
1048 3556 1098 3609 set
1116 3568 1159 3609 ne
1179 3545 1338 3609 iacentem
1360 3547 1496 3627 quidem
1517 3560 1742 3629 protexerunt.
1785 3554 1966 3632 Cesset-am,
1989 3553 2018 3615 si
2031 3554 2110 3617 alie-

311 3672 390 3717 nam
410 3672 430 3715 a
447 3671 502 3714 me
519 3650 652 3732 plebem
672 3649 775 3712 fuisse
803 3649 920 3724 voltis,
951 3671 1037 3729 quac
1064 3670 1133 3714 nou
1160 3650 1241 3731 fuit,
1268 3650 1432 3732 iuridiac3
1461 3651 1491 3714 si
1519 3655 1724 3715 commoveri
1749 3654 1863 3717 omnia
1892 3655 2109 3739 videbantur,

310 3757 473 3841 tempori,
497 3757 527 3821 si
544 3755 596 3819 vis
616 3758 767 3836 suberat,
794 3756 912 3833 armis,
940 3756 970 3818 si
990 3757 1147 3839 societas,
1178 3756 1429 3841 magistratuum
1450 3757 1614 3837 pactioni;
1641 3757 1671 3820 si
1692 3758 1879 3840 periculum
1900 3761 2038 3845 civium,
2060 3766 2109 3828 rei

310 3863 475 3946 publicae.
515 3867 565 3928 6⁵.
586 3865 666 3944 Cur,
694 3883 769 3925 cum
789 3863 960 3944 decapite
981 3863 1061 3927 civis
1081 3866 1168 3944 (non
1189 3863 1324 3944 disputo
1351 3861 1541 3925 cuiusmodi
1561 3861 1654 3937 civis)
1676 3874 1708 3925 et
1728 3865 1887 3928 debonis
1907 3868 2107 3949 proscriptio

310 3968 465 4050 ferretur,
487 3988 565 4033 cum
584 3976 617 4031 et
637 3968 770 4031 sacratis
791 3968 922 4053 legibus
944 3978 975 4030 et
994 3990 1059 4036 xrr.
1081 3969 1201 4031 tabulis
1223 3967 1386 4030 sancitum
1408 3976 1508 4048 essct,
1536 3979 1574 4028 ut
1598 3987 1709 4047 neque
1734 3971 1948 4057 privilegium
1967 3973 2109 4057 irrogari

250 4083 292 4149 3¹5
310 4073 422 4139 liceret
441 4096 551 4156 neque
572 4077 614 4137 de
634 4075 740 4160 capite
761 4073 826 4136 nisi
846 4072 986 4136 comitiis
1008 4073 1196 4136 centuriatis
1216 4072 1348 4157 rogari,
1365 4074 1458 4135 nulla
1478 4091 1545 4133 vox
1563 4080 1613 4134 est
1634 4073 1746 4137 audita
1761 4078 1936 4138 consulum
1950 4076 2109 4139 constitu·

347 4304 350 4310 ³
377 4317 460 4373 ERN.
494 4319 521 4374 7.
537 4323 633 4373 uiderit
662 4323 701 4373 11.
711 4324 863 4390 fortissimo
888 4320 929 4374 13.
946 4319 1033 4374 Abest
1050 4338 1115 4378 eam,
1141 4320 1182 4372 llt.
1202 4323 1230 4369 r'u
1245 4319 1392 4390 republica
1417 4317 1458 4371 16.
1477 4319 1552 4370 illum
1572 4320 2106 4397 unum·19.aliqueplam(aliuquopinm

310 4399 459 4470 ABCbcd.)
476 4404 518 4460 23.
536 4407 616 4456 eidem
624 4407 736 4474 furori,
751 4407 843 4458 eisdem
859 4403 984 4471 (eiusdem
991 4408 1089 4477 furori
1103 4417 1127 4457 et
1145 4405 1238 4457 eisdem
1255 4403 1411 4472 ABC.).26.
1430 4406 1524 4459 liberas
1541 4409 1659 4456 ciuitates
1689 4405 1733 4458 30.
1750 4407 1919 4476 descrrderant
1935 4434 1971 4449 -
1987 4436 2024 4448 -
2039 4429 2104 4481 pro·

311 4500 429 4543 texeram

382 4642 507 4699 Lucus.
543 4643 621 4699 abed.
656 4645 683 4697 2.
701 4652 728 4696 ln
752 4649 848 4699 alteras
873 4647 932 4700 abc.
955 4665 1011 4700 non
1036 4644 1066 4701 d.
1100 4645 1124 4699 3.
1143 4647 1189 4698 illc
1212 4651 1283 4699 testis
1308 4659 1366 4700 tem
1392 4666 1433 4701 ac.
1457 4666 1511 4700 nou
1538 4646 1585 4701 bd.
1622 4649 1648 4701 lt.
1665 4667 1691 4700 re
1707 4653 1813 4702 civitate
1831 4653 1948 4703 Romana
1962 4656 2047 4723 privet
2064 4671 2104 4706 ae.

311 4746 366 4781 non
385 4729 434 4782 bd.
470 4731 510 4783 11.
527 4731 670 4797 fortissimo
688 4729 769 4784 abed.
804 4732 848 4784 13.
864 4751 921 4785 eam
937 4751 991 4785 om.
1010 4729 1056 4783 bd.
1093 4729 1165 4784 ibid.
1182 4733 1249 4783 adlit
1265 4751 1323 4783 euru
1336 4735 1469 4803 periculo,
1485 4733 1531 4783 sed
1546 4736 1613 4785 adiit
1629 4754 1687 4786 cum
1704 4755 1783 4788 causa
1800 4756 1824 4790 a.
1842 4739 1908 4788 adr'it
1926 4749 1982 4789 tum
1997 4743 2102 4809 pericu·

311 4815 381 4875 lunt,
404 4817 451 4866 sed
471 4819 537 4869 adiit
560 4837 617 4868 cum
639 4835 717 4869 causa
742 4836 766 4870 c.
797 4817 870 4869 lbid.
895 4823 946 4870 iam
970 4836 1023 4869 om.
1045 4816 1105 4869 abc.
1128 4835 1183 4868 non
1208 4815 1234 4870 d.
1271 4818 1313 4870 tt.
1331 4823 1358 4868 in
1381 4819 1532 4889 republica
1550 4819 1627 4872 abed.
1664 4821 1707 4875 16.
1726 4824 1802 4873 illum
1820 4840 1898 4872 unum
1917 4823 1977 4877 abc.
1998 4840 2053 4874 non
2072 4821 2105 4876 d.

310 4901 351 4952 18.
370 4903 464 4953 bonam
483 4909 567 4975 possit
591 4910 618 4955 ira
640 4924 669 4957 ra
688 4906 795 4976 publica
818 4904 879 4959 abc.
903 4906 966 4956 boni
983 4908 1067 4975 possit
1090 4908 1117 4957 r'n
1141 4922 1169 4954 rc
1190 4905 1297 4974 publica
1323 4902 1349 4955 d.
1384 4904 1424 4958 19.
1438 4923 1576 4974 provenere
1594 4905 1613 4958 d
1629 4907 1696 4960 sola.
1732 4905 1805 4958 ibid.
1823 4910 1984 4980 uliquapiam
2001 4926 2015 4958 a
2033 4908 2102 4965 sola.

310 4986 352 5040 20.
368 4989 507 5056 pelleretur
524 5008 538 5040 a
556 4990 622 5043 sola.
658 4992 700 5044 23.
718 5011 769 5064 quo
787 5009 834 5041 nor
851 4990 895 5045 ad.
913 5009 968 5043 non
987 4991 1030 5044 bo.
1064 4988 1136 5046 lbid.
1144 4993 1242 5059 furori
1245 5028 1255 5052 ‚
1280 4993 1373 5044 eisdem
1390 4989 1416 5043 d.
1434 4992 1514 5042 eidem
1524 4994 1633 5061 furori,
1659 4992 1751 5044 eisdem
1765 4991 1825 5046 abc.
1861 4995 1904 5046 26.
1922 4993 1964 5042 lu's
1979 4992 2103 5048 detentis

309 5074 409 5128 arola.
445 5076 517 5130 lbid.
535 5080 629 5135 liberas
646 5084 763 5132 ciuitates
781 5078 859 5131 abed.
895 5077 936 5130 28.
954 5094 1007 5127 vox
1024 5076 1158 5127 consulum
1176 5095 1289 5148 unquam
1305 5089 1343 5128 est
1360 5077 1452 5127 audita
1470 5095 1483 5127 a
1502 5081 1567 5131 sola.
1605 5077 1677 5130 lbid.
1696 5079 1801 5130 auderat
1813 5077 1891 5130 abed.
1927 5076 2005 5130 lbid.
2023 5082 2103 5134 uellet

310 5161 413 5214 deols.
448 5161 490 5214 29.
507 5158 630 5233 quaerere
645 5164 703 5220 abc.
723 5183 779 5218 nun
797 5163 824 5218 d.
861 5164 904 5217 30.
921 5181 953 5215 ne
975 5163 1079 5234 quidem
1102 5166 1225 5214 insenum
1241 5181 1256 5214 a
1273 5163 1339 5216 sola.
1376 5162 1418 5215 31.
1437 5169 1461 5216 sl
1476 5184 1528 5236 quo
1545 5169 1644 5216 moueri
1665 5162 1725 5216 eod.
1747 5182 1800 5216 nou
1820 5165 1845 5214 b.
1880 5162 1924 5216 32.
1941 5167 1967 5214 εἰ
1983 5169 2023 5216 ius
2042 5184 2100 5217 rus.

307 5259 424 5319 emerat,
441 5251 521 5300 nmis
540 5265 554 5299 a
571 5247 637 5301 sola.
672 5249 714 5301 33.
730 5255 873 5321 proscripti
883 5251 926 5304 bc.
939 5266 994 5302 non
1008 5246 1054 5306 ad.
1090 5248 1134 5303 31.
1145 5252 1250 5302 samua
1265 5249 1330 5305 sola.
1361 5248 1666 5306 lbidsauetumdrola
1697 5248 1905 5303 saltantem.
1919 5250 2102 5314 a.‚nonbcd.
