4740 6068
475 370 523 440 36

472 554 650 619 Sextilibus
660 554 750 618 idem
765 553 836 617 dics
850 554 1011 616 adventus
1022 552 1088 615 mei
1101 553 1216 616 luisset
1225 552 1419 633 reditusque
1432 554 1559 630 natalis,
1570 554 1656 619 idem
1668 558 1873 620 karissumac
1883 556 1981 638 filiae,
1995 580 2095 639 quam
2107 582 2147 624 ex
2156 563 2286 649 gravis-

474 682 571 726 sumo
587 674 657 723 turn
679 661 825 744 primum
846 658 1012 722 desiderio
1034 659 1193 738 luctuque
1215 660 1390 741 conspexi,
1409 660 1498 723 idem
1522 662 1619 725 ctiam
1641 664 1745 746 ipsius
1768 666 1919 728 coloniae
1940 669 2171 750 Brundisinae,
2190 671 2283 733 idern

473 768 609 849 Salutis,
630 779 666 830 ut
687 767 794 830 scitis:
817 788 961 846 cumque
983 787 1037 828 mc
1062 769 1184 828 domus
1205 770 1320 828 eadem
1342 778 1558 849 optumorum
1581 780 1612 830 et
1632 777 1650 843 †
1673 770 1953 834 doctissumorum
1976 775 2144 856 uirorum,
2166 778 2281 839 Laeuii

475 875 582 937 Flacci
612 884 644 935 et
672 872 775 955 patris
802 883 834 934 ct
861 871 971 933 fratris
1002 873 1073 935 eius
1100 872 1289 935 laetissuma
1310 875 1510 958 accepisset,
1536 896 1622 954 quae
1642 896 1809 958 proxumo
1829 899 1917 940 anno
1939 902 2089 943 maerens
2109 895 2282 965 receperat

434 993 454 1055 5
475 990 505 1042 et
525 999 587 1041 suo
609 977 773 1061 pracsidio
794 977 1015 1059 periculoque
1036 979 1239 1042 defenderat.
1281 979 1404 1043 ltincrc
1424 992 1495 1042 toto
1518 984 1617 1044 urbes
1638 982 1754 1047 ltaliae
1774 984 1877 1046 festos
1899 986 1970 1049 dies
1995 1010 2094 1072 agere
2114 992 2278 1051 adventus

473 1087 539 1149 mei
562 1086 775 1164 uidebantur,
797 1085 870 1147 riae
891 1086 1105 1148 multitudine
1124 1088 1313 1170 legatorum
1334 1086 1484 1165 undiquc
1499 1088 1678 1150 missorum
1695 1093 1961 1167 celebrabantur,
1982 1098 2025 1155 ad
2041 1098 2157 1157 urbem
2170 1117 2278 1157 acces-

471 1215 528 1258 sus
558 1193 747 1255 incredibili
776 1191 954 1253 bominum
986 1192 1199 1255 multitudine
1229 1206 1260 1255 et
1291 1193 1513 1277 gratulatione
1543 1198 1703 1278 llorebat,
1732 1197 1794 1259 iter
1821 1220 1840 1260 a
1868 1212 1983 1281 porta,
2014 1202 2050 1263 in
2076 1201 2277 1284 Capitolium

469 1305 665 1381 adscensus,
694 1303 832 1361 domum
858 1300 983 1362 reditus
1007 1312 1077 1363 erat
1105 1301 1288 1381 eiusmodi,
1318 1311 1353 1361 ut
1375 1321 1506 1362 summa
1525 1301 1561 1361 in
1581 1304 1705 1365 laetitia
1726 1304 1811 1365 illud
1832 1308 1997 1387 dolerem,
2021 1305 2187 1369 civitatem
2210 1321 2276 1369 tarn

469 1421 596 1493 gratam
617 1420 685 1468 tam
706 1405 861 1467 miseram
882 1417 982 1487 atque
1003 1427 1198 1489 oppressam
1219 1407 1332 1472 luisse.
1377 1413 1444 1469 132.
1468 1408 1581 1470 Habes
1601 1408 1722 1491 igitur,
1751 1414 1845 1490 quod
1867 1433 1908 1474 ex
1928 1434 1982 1475 me
2009 1412 2185 1492 quaesisti,
2217 1413 2279 1492 qui

411 1516 452 1581 10
473 1524 581 1577 essent
602 1525 800 1596 optumates.
841 1519 916 1577 Non
937 1523 986 1577 est
1006 1515 1115 1595 statio,
1136 1523 1172 1575 ut
1194 1512 1321 1574 dixisti:
1344 1515 1437 1592 quod
1458 1534 1521 1597 ego
1544 1519 1685 1579 verbum
1707 1520 1844 1603 agnovi3
1867 1531 1915 1583 est
1936 1520 2024 1581 enim
2044 1519 2151 1600 illius,
2173 1541 2192 1579 a
2207 1540 2277 1598 quo

469 1642 537 1683 uno
559 1642 713 1683 maxume
730 1625 765 1683 P.
779 1622 902 1683 Sestius
923 1642 960 1683 se
980 1619 1170 1704 oppugnari
1190 1618 1293 1701 videt,
1315 1618 1461 1681 bominis
1482 1621 1569 1704 cius,
1592 1622 1651 1703 qui
1670 1627 1757 1688 banc
1777 1627 1946 1690 nationem
1969 1624 2073 1687 deleri
2093 1636 2123 1685 et
2145 1623 2278 1686 concidi

468 1728 613 1810 cupivit:
642 1728 700 1807 qui
727 1729 763 1791 C.
791 1730 984 1807 Caesarem,
1015 1726 1128 1789 mitem
1156 1726 1328 1790 bominem
1349 1736 1380 1786 et
1400 1747 1420 1787 a
1441 1728 1544 1788 caede
1564 1728 1820 1810 abhorrentem,
1848 1752 1948 1814 saepe
1968 1732 2150 1813 increpuit,
2177 1752 2277 1813 saepe

469 1836 654 1913 accusarit,
674 1856 751 1897 cum
773 1830 952 1895 affirmaret
972 1834 1068 1895 illum
1088 1854 1281 1914 nunquam,
1304 1835 1385 1894 dum
1407 1836 1489 1895 haec
1509 1834 1600 1895 natio
1622 1834 1766 1918 viveret,
1792 1837 1863 1899 sine
1884 1860 1961 1900 cura
1983 1838 2143 1900 futurum.
2185 1838 2276 1901 Nihil

468 1941 609 2022 proiecit
632 1942 673 2003 de
697 1940 876 2003 universis:
900 1942 941 2002 de
963 1962 1018 2003 mc
1038 1961 1137 2025 agere
1157 1960 1227 2001 non
1242 1940 1380 2019 destitit,
1402 1962 1455 2001 me
1469 1943 1694 2025 oppugnavit,
1718 1944 1862 2024 primum
1877 1968 1938 2027 per
1951 1945 2095 2008 indicem
2111 1948 2139 2008 V
2142 1945 2276 2016 ettinru,

409 2050 448 2115 15
470 2069 570 2128 quem
590 2049 625 2109 in
647 2049 803 2111 contione
825 2050 867 2110 de
890 2058 996 2111 meet
1017 2050 1060 2109 de
1084 2047 1285 2109 clarissumis
1306 2045 1384 2107 viris
1402 2046 1629 2128 interrogarit.
1671 2050 1711 2107 ln
1726 2069 1795 2125 quo
1811 2062 1919 2107 tamen
1934 2070 1991 2108 eos
2006 2051 2086 2109 civis
2101 2049 2275 2109 coniunxit

468 2157 586 2217 eodem
608 2156 758 2238 periculo
782 2166 814 2217 et
835 2154 993 2236 crimine,
1013 2165 1049 2216 ut
1071 2175 1091 2216 a
1111 2174 1165 2215 mc
1186 2152 1295 2213 inierit
1313 2151 1472 2229 gratiam,
1494 2153 1588 2227 quod
1609 2171 1662 2211 me
1683 2172 1760 2211 curn
1781 2151 2007 2233 amplissumis
2025 2165 2056 2213 ct
2070 2152 2273 2216 fortissumis

466 2261 546 2322 uiris
568 2263 794 2345 congregarit.

545 2368 663 2428 LXlV.
708 2371 774 2427 133.
795 2365 849 2425 Set
869 2374 985 2445 postca
1006 2358 1088 2424 mihi
1110 2361 1205 2422 nullo
1233 2380 1309 2422 mco
1332 2359 1467 2441 merito,
1487 2360 1552 2423 nisi
1572 2363 1665 2441 quod
1686 2362 1783 2425 bonis
1797 2365 1928 2445 placere
1944 2365 2136 2448 cupiebam,
2163 2368 2272 2429 omnis

468 2485 517 2537 est
536 2472 673 2536 insidias
696 2471 957 2534 sceleratissume
978 2466 1196 2531 machinatus.
1237 2468 1300 2530 lllc
1320 2469 1362 2529 ad
1384 2489 1462 2548 eos,
1482 2488 1501 2529 a
1522 2468 1643 2547 quibus
1664 2470 1878 2550 audiebatur,
1903 2472 2039 2534 cottidie
2058 2474 2184 2553 aliquid
2206 2474 2273 2536 steti

407 2581 449 2647 20
470 2576 647 2644 afferebat:
678 2579 736 2641 ille
766 2578 938 2641 hominem
970 2573 1054 2637 mibi
1084 2573 1353 2651 amicissumum,
1381 2577 1440 2634 Cn.
1474 2576 1692 2656 Pompeium,
1724 2579 1900 2660 monebat,
1931 2590 1967 2640 ut
1996 2601 2104 2641 meam
2135 2583 2272 2643 domum

464 2699 626 2753 metueret
646 2700 746 2768 atque
766 2707 785 2749 a
806 2707 861 2749 me
886 2685 963 2766 ipso
993 2693 1140 2758 caveret3
1169 2679 1228 2741 ille
1254 2700 1290 2740 se
1317 2679 1365 2741 sic
1394 2700 1469 2740 cum
1499 2678 1636 2742 inimico
1666 2702 1741 2742 meo
1768 2687 1959 2765 copularat,
1994 2698 2030 2748 ut
2056 2689 2152 2749 illum
2178 2709 2274 2749 nicae

464 2794 738 2880 proscriptionis,
759 2814 860 2873 quam
881 2790 1074 2867 adiuvabat,
1101 2789 1176 2849 Sex.
1199 2786 1353 2868 Clodius,
1380 2790 1485 2850 homo
1505 2786 1546 2850 iis
1568 2786 1814 2872 dignissumus,
1837 2790 2037 2869 quibuscum
2058 2793 2156 2875 vivit,
2179 2797 2273 2855 tabu·

463 2908 529 2967 lam
559 2925 652 2983 esse,
676 2924 712 2965 se
738 2900 936 2981 scriptorem
963 2894 1105 2970 dicerct3
1137 2895 1195 2955 illc
1216 2914 1302 2955 unus
1324 2895 1451 2958 ordinis
1471 2895 1578 2957 nostri
1598 2894 1744 2958 discessu
1766 2916 1862 2977 mco,
1887 2899 1978 2959 luctu
1999 2910 2128 2979 vestro,
2156 2901 2271 2980 palam

463 3011 648 3076 exsultavit.
690 3010 739 3070 De
761 3025 829 3086 quo
851 3023 934 3089 ego,
955 3024 1031 3066 eum
1052 3000 1187 3064 cottidie
1207 3012 1334 3081 rueret,
1356 3003 1497 3063 verbum
1517 3001 1599 3074 leci,
1620 3001 1766 3081 iudices,
1786 3023 1978 3082 nunquam:
2009 3025 2120 3084 neque
2139 3005 2270 3087 putavi,

402 3128 444 3193 25
466 3141 540 3183 eum
563 3117 720 3180 omnibus
748 3111 908 3176 machinis
932 3131 970 3173 ae
997 3107 1191 3188 tormentis,
1218 3105 1253 3168 vi
1280 3107 1424 3170 exercitu
1451 3106 1557 3187 copiis
1584 3126 1818 3190 oppugnarer,
1848 3110 1890 3170 de
1918 3128 1987 3169 uno
2014 3111 2185 3194 sagittario
2217 3134 2271 3173 me

462 3226 558 3308 queri
585 3223 774 3289 convenire.
817 3225 899 3282 Aeta
927 3236 1002 3279 mea
1029 3212 1094 3274 sibi
1121 3213 1166 3275 ait
1193 3212 1380 3296 displicere.
1422 3213 1505 3297 Quis
1531 3213 1661 3276 nescit?
1692 3214 1751 3294 qui
1782 3215 1891 3299 legem
1922 3236 2028 3277 meam
2058 3228 2270 3298 contemnat,

462 3356 549 3415 quae
570 3332 715 3394 dilucide
736 3338 824 3390 vetat
844 3325 1045 3411 gladiatores
1066 3320 1221 3403 biennio,
1243 3341 1310 3399 quo
1333 3320 1408 3401 quis
1429 3320 1562 3403 petierit
1583 3331 1640 3383 aut
1660 3321 1823 3403 petiturus
1845 3322 1907 3403 sit,
1928 3325 2031 3385 darei
2065 3328 2133 3406 ¹34·
2146 3324 2184 3386 ln
2200 3347 2270 3406 quo

530 3586 614 3637 ERN.
651 3588 674 3637 1.
697 3584 823 3634 aduentus
848 3585 898 3629 mei
918 3580 1019 3647 fuisset
1048 3577 1211 3650 reditusque,
1241 3576 1338 3626 natnlr‘s
1367 3575 1434 3625 idem
1457 3572 1580 3639 (Baitero
1612 3592 1671 3627 mco
1695 3588 1806 3627 arrotere
1836 3596 1907 3627 nunc
1939 3580 2040 3631 mutari
2065 3580 2270 3634 distinctionem

463 3675 603 3727 dumtaxat
622 3669 744 3742 proxime
762 3666 796 3717 ud
816 3666 960 3716 lectionem
979 3661 1070 3714 Codd.
1089 3667 1121 3716 Α.
1140 3675 1167 3715 ct
1183 3662 1211 3716 S.
1228 3663 1367 3722 Victoris,
1385 3666 1451 3712 item
1470 3660 1496 3713 d.
1514 3663 1640 3714 adventus
1659 3665 1817 3732 meisuissct
1835 3666 1934 3716 reditus
1951 3671 2000 3736 qui
2014 3668 2121 3720 natalis.
2157 3667 2212 3721 Cir.
2233 3670 2268 3722 sd

460 3763 547 3817 Attic.
577 3761 607 3821 3,
635 3758 683 3822 20,
711 3759 736 3809 1.
762 3756 879 3824 durisque
904 3751 1017 3801 natalem
1043 3752 1141 3803 reditus
1168 3751 1239 3818 mei.)
1272 3751 1296 3806 2.
1315 3751 1432 3823 idemque
1456 3748 1557 3803 Salutis
1600 3751 1625 3801 5.
1651 3751 1815 3822 definderat:
1849 3770 1957 3823 cumque
1980 3757 2071 3807 itinere
2094 3751 2267 3826 (defenderat.

457 3850 556 3901 Itinere
572 3843 706 3917 Madvig.)
741 3843 782 3895 tu.
801 3841 896 3911 desecti
906 3838 978 3914 (ficti
991 3837 1158 3890 Garatouius
1175 3838 1308 3909 probante
1320 3834 1485 3908 bladrigio.)
1514 3837 1558 3888 22.
1574 3854 1655 3908 quarn
1672 3837 1816 3887 adiuuabat
1832 3835 1892 3889 Sex.
1914 3836 2021 3890 Clodius
2050 3839 2093 3895 26.
2113 3843 2195 3914 legem
2211 3861 2266 3891 een

529 4003 656 4059 LEC'l'l'.
693 4001 774 4055 abed.
809 4002 835 4053 1.
861 3999 926 4051 idem
948 4000 1002 4050 dies
1019 3998 1117 4050 reditus
1135 4001 1185 4048 rnei
1197 3997 1310 4067 fuisset,
1330 4000 1419 4067 quiet
1436 3996 1637 4055 netelisrueus,
1657 3994 1723 4045 idem
1739 4007 1764 4045 et
1772 3994 1856 4069 filiae
1873 4015 1943 4047 meae
1959 3995 2139 4056 charissimae,
2157 4015 2266 4069 eruntque

459 4101 550 4148 itinere
573 4105 627 4144 tote
651 4111 674 4143 a.
699 4092 825 4140 aduentus
849 4091 900 4139 mei
912 4087 1014 4155 suisset
1036 4087 1085 4155 qui
1105 4086 1203 4135 reditus
1226 4084 1340 4134 natalis:
1362 4083 1429 4133 idem
1452 4101 1475 4134 e.
1499 4081 1528 4133 b.
1552 4101 1577 4134 a.
1601 4087 1651 4132 mei
1665 4082 1766 4150 fuisset
1790 4086 1840 4153 qui
1856 4076 1969 4135 nritalis:
1987 4085 2052 4134 idem
2068 4101 2090 4135 c.
2122 4100 2144 4134 e.
2173 4103 2200 4137 a.
2218 4091 2270 4137 nisi

452 4184 554 4253 fuisset
571 4182 669 4231 reditus
686 4180 734 4248 qui
750 4177 847 4227 natalis
865 4175 931 4225 idem
948 4192 970 4225 c.
992 4170 1018 4223 d.
1051 4172 1076 4224 3.
1095 4173 1161 4222 idern
1179 4181 1208 4220 ut
1225 4173 1298 4220 scitis
1322 4165 1383 4219 bcd.
1426 4166 1498 4218 lbid.
1518 4171 1632 4219 virerum
1656 4169 1687 4220 L.
1712 4167 1806 4219 Flacci
1821 4169 1864 4221 bc.
1890 4174 2005 4221 uirorum
2028 4170 2114 4220 Laelii
2130 4170 2222 4221 Flacci
2240 4171 2266 4224 d.

461 4267 485 4321 5.
505 4267 670 4339 dependeret:
688 4282 797 4336 cumque
815 4266 907 4313 itinere
924 4257 978 4327 (s.)
996 4257 1059 4311 bed.
1095 4255 1169 4309 ibid.
1188 4268 1294 4328 agerent
1311 4255 1436 4307 aduentus
1453 4258 1516 4307 mei:
1540 4259 1599 4305 elue
1616 4254 1784 4305 multitudiue
1802 4255 1845 4307 ab.
1864 4257 1918 4306 dies
1939 4257 2064 4306 aduentus
2082 4260 2132 4307 mei
2148 4259 2269 4309 uideban-

461 4365 506 4405 tur
523 4371 615 4422 agere:
638 4354 698 4401 uiae
715 4351 789 4400 mult.
809 4367 833 4405 c.
852 4348 892 4400 Ut
908 4365 974 4407 nos,
993 4343 1020 4397 d.
1056 4343 1081 4399 6.
1100 4364 1202 4396 occasu
1220 4340 1477 4395 incredibilibsola.
1514 4339 1539 4394 7.
1559 4340 1692 4392 hominene
1709 4344 1888 4412 gratulatione
1897 4343 2034 4412 florebat:
2052 4344 2151 4395 reditus
2168 4359 2224 4395 erut
2238 4365 2260 4397 a.

461 4440 503 4493 tt.
522 4438 646 4492 Vectium
664 4436 726 4489 bed.
763 4438 807 4490 19.
825 4437 933 4488 insidias
950 4433 1114 4485 machinatus
1131 4450 1146 4482 c
1162 4431 1231 4483 sols.
1268 4427 1343 4481 ibid.
1361 4430 1467 4500 aliquid
1481 4428 1569 4499 efficti
1585 4427 1612 4481 b.
1629 4429 1734 4501 aliquid
1749 4430 1845 4499 desecti
1861 4426 1903 4478 cd.
1939 4428 1981 4480 21.
2000 4441 2030 4479 ut
2047 4431 2121 4481 illius
2140 4431 2263 4481 rneeebe.

460 4545 516 4580 non
535 4524 561 4580 d.
598 4526 639 4577 22.
657 4543 737 4595 quam
754 4524 897 4574 adiuvabat
914 4520 973 4575 Ser.
993 4517 1128 4572 Citloelius
1145 4517 1173 4570 b.
1197 4534 1277 4589 quem
1294 4516 1439 4568 adiuuabat
1454 4514 1554 4569 Sestius
1580 4513 1717 4567 Clotellr‘us
1735 4535 1758 4567 c.
1781 4516 1818 4566 Ut
1835 4515 1921 4576 Erm,
1938 4513 1964 4566 d.
2003 4515 2076 4570 ibid.
2096 4516 2137 4568 iris
2155 4516 2181 4570 d.
2200 4518 2265 4569 sola.
2310 4517 2314 4525 ’

461 4613 535 4667 lbid.
552 4614 704 4687 quibuscum
727 4613 795 4660 uiuit
818 4620 857 4659 tot
882 4612 934 4659 iam
956 4625 1050 4665 annos,
1077 4624 1130 4655 sese
1153 4610 1304 4675 scriptorem
1329 4622 1382 4655 esse
1404 4604 1498 4654 diceret
1516 4602 1542 4655 b.
1560 4604 1713 4674 quibuscum
1736 4604 1801 4652 uiuit
1827 4605 1956 4651 unanimis
1973 4622 2026 4653 sese
2043 4608 2195 4673 scriptorem
2211 4623 2264 4654 esse

438 4672 553 4754 ¹diceret
572 4721 594 4752 c.
616 4700 656 4751 Ut
675 4716 741 4761 nos,
759 4696 788 4750 d.
822 4696 864 4747 21.
883 4695 1000 4767 quotidie
1017 4706 1123 4744 mereret
1141 4712 1164 4745 c.
1182 4710 1238 4743 non
1257 4690 1304 4743 bd.
1341 4690 1384 4743 25.
1403 4694 1551 4752 tormentis,
1567 4692 1697 4747 exercitu,
1713 4689 1793 4756 copiis
1811 4700 1974 4757 oppugnaret
1989 4688 2013 4738 b.
2027 4694 2174 4749 tormentis,
2192 4709 2266 4741 exer-

460 4794 514 4839 eitu
531 4794 663 4861 copiisque
680 4801 846 4856 oppugnarer
862 4800 887 4833 c.
907 4780 946 4831 Ut
965 4799 1029 4841 nos,
1048 4779 1074 4832 d.
1111 4779 1185 4833 lbid.
1203 4781 1234 4830 de
1253 4798 1303 4829 uno
1321 4783 1422 4848 sagitta
1440 4796 1454 4828 c
1471 4777 1538 4830 sola.
1575 4775 1616 4827 26.
1634 4778 1827 4826 convenirem
1846 4774 1927 4824 tans*
1950 4776 2049 4824 ausilii
2066 4777 2117 4827 ulii
2133 4778 2270 4846 displicere

461 4873 487 4927 1).
507 4888 566 4926 acte
583 4895 638 4927 ntea
656 4876 701 4926 illi
716 4874 851 4943 displicere
867 4873 927 4941 quis
944 4869 1049 4919 riserit?
1068 4867 1100 4923 d.
1120 4867 1161 4919 Ut
1176 4884 1240 4928 nos,
1259 4884 1282 4918 c.
1318 4863 1392 4917 lbid.
1414 4865 1495 4935 legem
1511 4882 1568 4914 eam
1586 4859 1648 4912 bed.

531 5029 657 5082 LECTT.
676 5029 771 5082 MEM.
807 5029 833 5081 2.
852 5029 919 5079 idem
935 5024 1051 5093 Salutis5
1075 5044 1184 5097 eumque
1206 5023 1325 5094 praefert
1347 5021 1512 5092 Madvigius.
1547 5018 1601 5073 Sed
1620 5040 1681 5073 eum
1708 5034 1820 5091 propter
1849 5018 1980 5071 ductuum
2003 5016 2213 5072 similitudinem
2239 5021 2269 5073 in

462 5117 552 5171 Codd.
571 5117 629 5169 AB.
648 5116 798 5169 exciderint
816 5115 965 5176 vocabula,
983 5113 1029 5165 hie
1048 5129 1158 5184 quoque
1178 5109 1245 5162 mihi
1266 5108 1377 5182 quidem
1396 5108 1569 5178 probabilius
1586 5107 1695 5160 ridetur
1712 5106 1843 5159 excidisse
1861 5105 1977 5167 Salutis,
2003 5124 2083 5177 quam
2102 5119 2263 5177 corruptum

460 5227 517 5261 esse
535 5208 564 5258 in
585 5216 613 5255 ut
629 5210 718 5255 scitis:
741 5222 790 5255 nec
812 5220 876 5255 vcro
902 5202 967 5254 baec
989 5212 1054 5252 sunt
1078 5200 1182 5259 otiosa,
1207 5196 1336 5269 quoniam
1361 5211 1416 5247 rem
1436 5213 1483 5263 per
1502 5211 1530 5245 se
1549 5194 1635 5263 ipsam
1654 5211 1739 5264 prope
1758 5192 1943 5264 prodigiosam
1968 5189 2183 5263 probabiliorem
2203 5191 2265 5244 red-

458 5293 545 5355 dunt,
563 5293 667 5364 quippe
685 5307 754 5362 quae
772 5289 857 5358 probe
875 5301 939 5339 nota
957 5289 994 5340 sit
1011 5283 1182 5339 auditoribus
1200 5283 1276 5352 ipsis.
1311 5280 1353 5334 27.
1372 5282 1446 5343 „Vm
1462 5284 1568 5351 petierit
1584 5291 1632 5332 out
1650 5277 1794 5332 delenda.‘·
1811 5278 1974 5351 Madvigius.
1994 5276 2052 5349 Ego
2064 5276 2104 5331 sic
2118 5278 2268 5351 intelligo:

454 5384 573 5453 petierit,
593 5390 656 5452 pust
675 5374 890 5449 preusstioueru,
906 5379 1038 5446 petiturus
1054 5375 1105 5434 sit,
1123 5370 1220 5443 paullo
1237 5380 1300 5422 ante
1319 5373 1529 5439 preusutionem.
