4754 6068
818 1490 883 1579 M.
930 1488 1114 1582 TULLI
1161 1486 1486 1583 CICERONIS

1112 1727 1193 1788 PRO

659 1945 1644 2077 P.SESTIO

973 2217 1334 2313 onsrro

1006 2404 1300 2428 m

331 2568 360 2626 1.
390 2590 416 2628 ι.
441 2505 499 2627 Si
520 2562 594 2642 quis
615 2570 731 2642 antea,
758 2559 902 2641 iudices,
921 2559 1120 2632 mirabatur,
1144 2553 1227 2634 quid
1247 2565 1351 2636 esset,
1370 2559 1463 2636 quod
1482 2578 1545 2639 pro
1568 2562 1664 2625 tantis
1686 2562 1807 2644 opibus
1829 2565 2050 2647 reipublicae

254 2677 412 2745 tantaque
433 2669 592 2752 dignitate
612 2666 733 2750 imperi
755 2685 966 2746 nequaquam
987 2661 1067 2724 satis
1087 2658 1185 2722 multi
1204 2658 1294 2721 cives
1312 2658 1391 2721 lorti
1410 2671 1441 2721 et
1456 2681 1579 2746 magno
1599 2665 1712 2729 animo
1732 2666 1975 2752 invenirentur,
1993 2673 2053 2754 qui

255 2773 416 2832 auderent
436 2789 472 2832 se
495 2780 528 2832 et
548 2771 688 2835 salutern
707 2789 801 2833 suam
821 2769 857 2831 in
878 2766 1057 2831 discrimen
1077 2757 1198 2826 offerre
1217 2782 1281 2843 pro
1300 2771 1387 2825 statu
1408 2763 1547 2827 civitatis
1567 2774 1600 2827 et
1620 2786 1683 2847 pro
1696 2772 1867 2833 communi
1884 2775 2053 2855 libertate,

251 2895 292 2935 ex
311 2877 378 2937 hoc
398 2883 548 2956 tempore
569 2874 707 2936 miretur
728 2873 859 2956 potius,
887 2872 917 2934 si
942 2891 1043 2951 quem
1072 2871 1200 2931 bonum
1228 2877 1261 2929 at
1285 2865 1407 2930 fortem
1432 2866 1537 2931 civem
1562 2868 1683 2935 viderit
1704 2893 1803 2952 quam
1823 2874 1853 2939 si
1874 2896 1974 2956 quem
1995 2890 2053 2941 aut

252 2978 407 3041 timidum
427 2989 483 3042 aut
503 2977 567 3042 sibi
586 2978 819 3060 potiusquam
838 2977 887 3040 rei
906 2975 1059 3059 publicae
1080 2973 1321 3037 consulentem.
1360 2973 1463 3052 Nam,
1488 2982 1526 3034 ut
1545 2973 1702 3039 omittatis
1722 2978 1764 3039 de
1784 2978 1882 3044 unius
1910 2981 2049 3060 quoius.
2067 2995 2088 3057 5

253 3102 320 3161 que
339 3102 415 3145 casu
438 3083 617 3168 cogitando
636 3082 822 3159 recordari,
841 3101 912 3144 uno
931 3082 1090 3161 adspectu
1110 3075 1233 3140 intueri
1249 3074 1389 3159 potestis
1409 3095 1487 3156 eos,
1514 3076 1668 3156 quicum
1688 3090 1824 3162 senatu,
1854 3104 1930 3148 curn
1951 3087 2050 3153 bonis

254 3186 410 3250 omnibus
430 3208 501 3250 rem
521 3189 690 3270 publicam
709 3186 859 3253 afflictam
879 3184 1051 3249 excitarint
1070 3192 1103 3246 et
1122 3179 1297 3245 latrocinio
1317 3180 1500 3245 domestico
1519 3180 1712 3266 liberarint,
1739 3197 1882 3249 maestos
1901 3191 2051 3256 sordida·

254 3301 307 3353 tos
326 3310 417 3371 reos,
440 3294 482 3354 de
504 3293 629 3375 capite,
649 3295 692 3355 de
709 3292 818 3371 sema,
845 3288 1056 3368 decivitate,
1084 3288 1126 3350 de
1145 3284 1307 3360 fortunis,
1331 3286 1373 3348 do
1392 3283 1506 3349 liberis
1527 3286 1733 3351 dimicantis:
1759 3308 1817 3352 eos
1838 3300 1968 3374 autem,
1989 3296 2051 3374 qui

252 3393 365 3459 omnia
389 3393 502 3458 divina
530 3406 563 3459 et
588 3399 735 3459 humana
760 3393 916 3457 violarint
934 3392 1085 3455 vexarint
1103 3387 1327 3473 perturbarint
1346 3388 1541 3471 everterint,
1568 3409 1639 3457 non
1658 3392 1769 3459 solum
1789 3395 1906 3463 alacris
1927 3399 2049 3464 laetos·

253 3498 496 3579 que-volitare,
526 3510 577 3563 set
596 3501 695 3563 etiam
715 3495 914 3561 fortissumis
934 3504 1034 3577 atqua
1053 3495 1198 3578 optumis
1219 3493 1347 3557 civibus
1364 3494 1550 3576 periculum
1565 3494 1692 3576 moliri,
1712 3498 1804 3560 dese
1820 3498 1905 3562 nihil
1919 3499 2044 3567 timere.
2067 3517 2106 3580 10

252 3622 280 3665 n.
307 3605 349 3667 In
369 3624 437 3685 quo
463 3627 537 3667 cum
558 3607 661 3667 multa
681 3614 760 3667 sunt
778 3602 934 3687 indigna,
953 3611 1024 3665 tum
1049 3599 1133 3665 nihil
1153 3600 1263 3664 minus
1283 3611 1332 3661 est
1350 3598 1540 3680 ferendum,
1562 3620 1664 3679 quam
1692 3605 1785 3681 quod
1809 3603 1877 3669 iam
1899 3626 1969 3671 nou
1989 3629 2049 3689 per

250 3710 395 3771 latrones
414 3728 511 3786 suos,
533 3729 602 3771 non
621 3730 683 3791 per
701 3709 855 3771 homines
877 3715 1020 3791 egestate
1040 3717 1071 3769 et
1090 3708 1214 3771 scelere
1233 3702 1437 3785 deperditos,
1457 3714 1506 3767 set
1526 3725 1586 3787 per
1603 3723 1664 3767 vos
1679 3704 1793 3786 nobis,
1814 3728 1875 3790 por
1888 3720 2045 3791 optumos

252 3810 343 3874 viros
364 3813 510 3894 optumis
534 3814 661 3877 civibus
679 3813 864 3895 periculum
884 3811 1009 3875 inferre
1031 3822 1192 3873 conantur
1205 3821 1251 3892 et,
1271 3828 1357 3890 quos
1369 3807 1555 3891 lapidibus,
1577 3829 1662 3889 quos
1675 3810 1785 3894 ferro,
1803 3833 1889 3893 quos
1903 3813 2047 3896 facibus,

255 3935 341 3996 quos
362 3917 396 3978 vi
415 3936 515 3978 manu
537 3917 642 3997 copiis
663 3917 773 3977 delore
800 3934 871 3977 non
895 3923 1095 3996 potuerunt,
1123 3917 1186 3978 hos
1215 3926 1324 3979 vestra
1349 3913 1558 3993 auctoritate,
1585 3923 1695 3985 vestra
1720 3915 1905 4000 religione,
1929 3918 2046 3983 vestris

251 4020 421 4084 sententiis
442 4041 479 4083 se
498 4037 719 4103 oppressuros
739 4018 951 4081 arbitrantur.
993 4020 1063 4104 Ego
1089 4029 1220 4098 autem,
1245 4017 1387 4100 iudices,
1412 4038 1480 4098 qua
1504 4036 1588 4081 voce
1616 4018 1699 4081 mihi
1717 4019 1753 4080 in
1772 4023 1910 4103 agendis
1928 4022 2043 4105 gratiis
2063 4027 2102 4091 15

253 4127 616 4206 commemorandoque
638 4144 774 4203 eorum,
794 4123 852 4203 qui
873 4125 916 4186 de
936 4143 990 4187 me
1011 4132 1148 4207 optume
1168 4123 1277 4189 meriti
1297 4131 1391 4204 sunt,
1417 4120 1581 4191 beneficio
1601 4141 1673 4185 esse
1693 4124 1854 4186 utendum
1872 4127 2046 4208 putabam,

255 4251 294 4294 ea
314 4251 403 4294 nuno
425 4232 476 4293 uti
496 4250 600 4316 cogor
619 4231 654 4293 in
675 4249 793 4293 eorum
813 4228 970 4310 periculis
991 4227 1207 4311 depellendis.
1247 4227 1292 4299 lis
1312 4227 1522 4310 potissimum
1542 4247 1608 4301 vor
1627 4229 1710 4300 baec
1738 4226 1875 4309 serviat,
1901 4250 2052 4310 quorum.

252 4355 356 4417 opera
376 4346 409 4397 et
429 4336 511 4396 mibi
532 4348 563 4399 et
583 4335 680 4400 vobis
701 4346 734 4397 et
753 4334 881 4414 populo
903 4335 1057 4394 Romano
1077 4332 1265 4399 restitutur.

329 4440 374 4502 ll.
396 4446 425 4504 3.
446 4442 504 4523 Et,
524 4460 725 4520 quamquam
746 4459 766 4501 a
786 4439 827 4520 Q.
847 4436 1049 4515 Hortensio,
1069 4436 1262 4501 clarissumo
1282 4437 1355 4500 viro
1375 4446 1475 4518 atque
1494 4437 1796 4519 eloquentissumo,
1817 4458 1914 4507 eausa
1937 4451 1987 4506 est
2004 4446 2043 4508 P.

249 4546 332 4610 Sesti
351 4553 505 4628 perorata
525 4545 676 4626 nihilque
696 4546 738 4619 ab
769 4560 810 4605 eo
836 4540 1159 4624 praetermissumst,
1184 4544 1277 4622 quod
1300 4552 1355 4610 aut
1380 4561 1444 4625 pro
1468 4564 1505 4616 re
1529 4542 1665 4626 publica
1684 4548 1957 4629 conquerendum
1976 4545 2040 4607 fuit
2058 4549 2102 4617 90

319 4808 534 4867 Ettttffllus.
569 4811 595 4863 8.
612 4812 734 4875 dimicare
767 4814 810 4867 10.
827 4818 906 4866 etiam
920 4816 1166 4893 wluntarr'ossort.
1182 4812 1358 4882 (voluntarios
1374 4832 1427 4868 om.
1443 4814 1575 4883 suche.)
1608 4816 1650 4872 lt.
1674 4821 1727 4868 sint
1761 4815 1803 4867 15.
1829 4815 1937 4877 iudicer,
1961 4824 2038 4888 quia,

250 4919 303 4982 qua
314 4926 349 4945 -
362 4923 394 4938 -
407 4899 576 4970 depellendas,
594 4903 627 4951 ιιι
643 4925 679 4936 -
695 4897 766 4952 Sane
783 4898 891 4955 deberet
909 4916 966 4954 esse
982 4904 1106 4975 quonlam
1120 4912 1193 4967 reete
1210 4900 1263 4954 boc
1280 4901 1393 4957 docente
1408 4900 1558 4974 Madvlgio.
1595 4900 1636 4953 Ut
1652 4919 1717 4962 aas,
1734 4896 1839 4953 Aabad.
1875 4897 1932 4955 BC.
1950 4896 2040 4958 auten

252 4985 340 5041 &aaa
358 4984 534 5056 inspiciendi.
567 4984 610 5040 16.
626 4997 687 5038 sunt
703 4988 804 5044 meriti,
822 4984 945 5063 beneficia
979 4984 1022 5044 20.
1038 4981 1124 5048 danii
1137 4997 1165 5039 et
1180 4987 1220 5045 sio
1235 5005 1346 5058 semper.

321 5121 447 5175 LECTI'.
483 5120 565 5175 abed.
609 5121 632 5177 5.
650 5128 739 5193 potius
756 5122 809 5175 atti
832 5142 848 5178 a
874 5123 941 5177 sola.
979 5120 1053 5177 lbid.
1077 5126 1224 5176 romaicam
1239 5142 1255 5176 a
1271 5125 1338 5177 sola.
1370 5124 1396 5178 9.
1420 5125 1533 5179 bumana
1556 5128 1675 5179 matus
1699 5128 1822 5184 cabrias
1845 5126 1904 5181 abe.
1928 5143 1984 5181 non
2011 5124 2038 5179 d.

252 5209 293 5261 tu.
317 5211 395 5261 etiam
419 5209 578 5261 voluntaem'os
593 5210 666 5277 sort.
692 5215 737 5263 ad.
778 5208 821 5268 16.
844 5217 938 5286 optima
959 5211 991 5265 da
1020 5224 1061 5262 me
1081 5226 1122 5264 ae.
1161 5221 1223 5263 suat
1252 5214 1339 5266 miti
1358 5209 1378 5264 b
1400 5211 1466 5266 sols.
1508 5209 1550 5264 Ut
1574 5227 1641 5275 noa,
1664 5209 1692 5268 d.
1717 5210 1791 5268 lbtd.
1811 5221 1907 5287 putaui
1931 5228 1946 5264 a
1970 5208 2036 5274 sola,

251 5291 295 5348 tt.
313 5292 354 5345 liis
369 5309 384 5344 a
401 5292 467 5353 sola·
500 5293 543 5353 20·
560 5296 761 5375 accurentur
778 5314 792 5350 e
808 5304 876 5373 ιρις,
