4740 6068
338 350 384 423 10

339 533 493 600 homines
515 553 634 611 meam,
663 548 770 608 suam,
798 523 848 589 rei
866 523 1018 607 publicae
1038 522 1256 587 calamitatem
1276 544 1360 586 neve
1379 526 1470 588 hune
1489 543 1588 587 suum
1608 526 1760 590 dolorem
1780 540 1872 591 veste
1891 525 2136 612 significarent?

336 642 413 704 Sive
434 639 491 701 illa
511 636 611 698 vestis
639 631 778 696 mutatio
805 631 848 693 ad
876 630 1003 693 luctum
1022 627 1166 712 ipsorum
1193 627 1264 691 sive
1290 631 1333 691 ad
1355 631 1600 710 deprecandum
1627 631 1775 714 valebat,
1804 632 1877 712 quis
1898 653 2043 713 unquam
2063 645 2136 700 tam

341 743 482 809 erudelis
502 740 581 820 suit,
601 739 660 817 qui
678 736 871 821 prohiberet
892 754 1095 814 quemquam
1114 742 1171 795 aut
1189 732 1255 795 sibi
1275 754 1417 798 maerere
1434 744 1491 796 aut
1511 734 1626 797 ceteris
1642 736 1852 817 supplicare?
1879 743 1928 801 33.
1944 738 2055 821 Quid?
2075 759 2140 802 sua

340 855 459 928 sponte
480 842 635 906 homines
655 840 690 903 in
710 840 888 904 amicorum
908 839 1064 920 perieulis
1082 837 1236 902 vestitum
1256 849 1380 902 mutare
1401 858 1472 901 non
1491 840 1622 902 solent?
1645 859 1709 921 pro
1723 839 1858 924 teipso,
1878 841 1972 922 Piso,
1991 862 2136 906 nemone

304 959 324 1022 5
344 949 508 1014 mutabit?
537 969 580 1011 ne
599 946 656 1009 isti
674 945 829 1026 quidem,
848 963 932 1025 quos
950 945 1077 1027 legatos
1091 963 1161 1005 non
1175 944 1278 1006 modo
1293 944 1388 1006 nullo
1403 953 1536 1007 senatus
1551 946 1724 1024 consulto,
1752 955 1802 1007 set
1815 944 1914 1007 etiam
1927 956 2136 1030 repugnante
2155 1030 2162 1042 ι

339 1064 475 1133 senatu,
507 1052 567 1116 tibi
593 1061 662 1115 tute
687 1051 829 1136 legasti?
857 1053 944 1134 Ergo
972 1048 1118 1112 hominis
1145 1047 1311 1132 desperati
1336 1058 1369 1112 et
1394 1048 1575 1131 proditoris
1599 1049 1648 1114 rei
1667 1049 1820 1131 publicae
1840 1070 1953 1112 casum
1971 1054 2138 1135 lugebunt

339 1162 493 1240 sortasse,
517 1157 575 1239 qui
593 1160 727 1221 uolent:
748 1155 828 1219 civis
848 1153 1083 1218 florentissumi
1102 1151 1333 1216 benevolentia
1351 1155 1518 1218 bonorum
1538 1162 1570 1217 et
1591 1163 1723 1235 optume
1736 1154 1778 1216 de
1797 1153 1903 1215 salute
1922 1153 2045 1233 patriae
2065 1174 2138 1216 me-

338 1265 394 1328 riti
412 1263 599 1345 periculum
619 1261 833 1325 coniunctum
856 1282 933 1323 cum
953 1259 1103 1344 periculo
1125 1257 1263 1322 civitatis
1283 1258 1399 1340 lugere
1420 1256 1548 1321 senatui
1573 1278 1643 1322 non
1671 1257 1807 1321 licebit?
1839 1256 1944 1319 Iidem
1966 1259 2139 1340 consules,

340 1370 386 1454 (si
405 1364 597 1450 appellandi
616 1373 695 1429 sunt
714 1367 882 1446 eonsules,
904 1383 989 1444 quos
1012 1382 1111 1425 nemo
1132 1371 1197 1443 est,
1217 1360 1300 1442 quin
1319 1381 1389 1424 non
1409 1363 1513 1424 modo
1534 1383 1576 1425 ex
1595 1361 1773 1445 memoria,
1792 1363 1852 1425 sed
1873 1362 1972 1424 etiam
1988 1383 2029 1424 ex
2041 1361 2138 1426 lastis

285 1470 325 1536 10
344 1474 536 1537 evellendos
558 1478 650 1551 putet
661 1468 689 1552 ,)
713 1478 811 1551 paeto
837 1469 903 1531 iam
922 1468 1057 1532 foedere
1079 1466 1343 1549 provinciarum,
1369 1466 1525 1549 producti
1542 1466 1580 1529 in
1599 1466 1686 1533 circo
1706 1466 1868 1531 Flaminio
1888 1466 1924 1529 in
1945 1465 2139 1529 contionem

300 1586 304 1593 '
340 1579 383 1639 ab
403 1575 461 1636 illa
481 1572 568 1635 suria
589 1593 627 1636 ae
645 1583 739 1655 peste
756 1574 902 1656 patriae,
932 1573 1076 1637 maximo
1097 1594 1174 1636 eum
1201 1572 1326 1658 gemitu
1351 1581 1461 1634 vestro
1489 1570 1547 1633 illa
1571 1571 1699 1654 omnia,
1729 1593 1815 1654 quae
1842 1581 1913 1634 tum
1942 1579 2056 1633 contra
2081 1590 2138 1633 rue

340 1687 523 1757 contraque
534 1697 605 1739 rem
618 1676 788 1758 publicam
806 1726 918 1747 .....
928 1725 939 1762 ,
957 1699 1041 1743 voce
1061 1700 1099 1743 ae
1120 1679 1281 1743 sententia
1300 1698 1361 1741 sua
1381 1677 1695 1759 comprobaverunt.

421 1784 493 1845 XV.
533 1782 645 1845 Isdem
666 1783 858 1847 consulibus
877 1785 1067 1849 sedentibus
1087 1794 1188 1864 atque
1207 1783 1467 1867 inspectantibus
1486 1783 1553 1845 lata
1571 1782 1626 1844 lex
1639 1790 1704 1863 est,
1725 1800 1768 1842 ua
1781 1801 1929 1842 auserem
1945 1800 2136 1854 vacentur,

341 1907 384 1950 ur
413 1908 486 1961 quus
517 1908 770 1963 oauuurraaar,
800 1909 842 1949 ur:
873 1911 945 1964 ouis
971 1912 1050 1953 uror
1080 1911 1345 1953 rurraeunanrra
1380 1911 1424 1952 ur
1449 1909 1595 1952 ouuraus
1624 1908 1734 1952 rasrrs
1763 1907 1876 1948 osseus
1898 1905 2011 1947 uacuus
2039 1904 2138 1946 ruam

283 1990 322 2057 15
344 2013 501 2056 uremur:
523 2012 567 2053 ur
589 2014 655 2055 aar
676 1993 803 2069 Asara,
825 2016 890 2057 arx
909 1996 1013 2059 Furra
1034 2017 1076 2057 uu
1096 2016 1262 2058 venarer:
1292 2014 1359 2075 qua
1380 2013 1445 2055 una
1465 1993 1639 2070 rogatione
1668 1991 1743 2064 quis
1764 2001 1813 2052 est
1839 1989 1899 2064 qui
1920 2007 1990 2048 non
2008 1973 2140 2048 intelle*-

326 2106 396 2199 xgat
416 2097 604 2160 universam
625 2118 697 2161 rem
717 2100 882 2182 publicam
902 2121 973 2166 esse
996 2103 1163 2165 deletam?
1199 2108 1248 2162 ³4·
1269 2095 1378 2146 1⁸d⁶¹¹¹
1399 2084 1866 2167 0⁰¹18l¹lib¹¹³i¹¹⁸l³⁶⁰¹³¹fib¹¹³
1885 2106 2059 2150 ⁸⁰fl⁰¹⁸¹¹¹1¹
2080 2091 2140 2152 ‘¹⁶‘

339 2204 444 2266 lectus
464 2205 673 2266 habebantur
692 2224 755 2273 pm
777 2205 934 2255 summan
953 2198 1086 2261 Aurelio
1106 2186 1242 2252 nomine
1262 2188 1498 2272 collegiorum,
1525 2211 1602 2253 eum
1621 2189 1754 2255 vicatim
1774 2189 1928 2253 homines
1949 2192 2139 2257 conseribe-

337 2311 470 2377 rentur,
493 2294 741 2356 decuriarentur
752 2336 762 2368 ,
792 2291 936 2374 adsim,
963 2291 1007 2353 ad
1026 2312 1158 2367 manus,
1185 2295 1228 2354 ad
1248 2294 1400 2375 eaedem,
1427 2295 1471 2356 ad
1503 2294 1725 2377 direptionem
1760 2295 1986 2359 incitarentur.
2024 2296 2137 2363 Isdem

339 2400 531 2466 consulibus
552 2419 644 2461 arma
662 2398 698 2460 iu
718 2399 840 2481 templo
862 2397 1004 2461 Castoris
1024 2400 1135 2481 palam
1156 2401 1467 2481 comportabantur,
1486 2402 1609 2486 gradus
1626 2399 1774 2464 eiusdem
1787 2401 1904 2484 templi
1918 2403 2133 2480 tollebantur3

280 2507 323 2573 20
342 2506 460 2573 armati
478 2503 629 2568 homines
650 2503 760 2566 forum
781 2511 814 2564 et
834 2501 1005 2565 contiones
1027 2488 1201 2579 tenebant,
1223 2503 1338 2568 caedes
1358 2502 1646 2584 lapidationesque
1665 2504 1807 2581 fiebant;
1828 2508 1940 2569 nullus
1960 2515 2029 2571 erat
2042 2529 2137 2574 seua·

339 2623 411 2694 tus,
431 2610 515 2674 nihil
536 2607 652 2671 relicui
673 2597 897 2692 magistratus:
920 2624 1008 2665 unus
1029 2623 1164 2665 omnem
1185 2603 1335 2666 omnium
1356 2614 1551 2686 potestatem
1571 2609 1671 2673 armis
1684 2619 1717 2672 et
1727 2609 1907 2674 latrociniis
1920 2613 2133 2693 possidebat,

327 2738 409 2780 *non
429 2716 540 2795 aliqua
560 2711 594 2776 vi
613 2733 694 2794 sua,
725 2714 785 2775 sed
804 2731 881 2774 eum
901 2709 970 2769 duo
991 2708 1145 2769 eonsules
1165 2728 1185 2768 a
1203 2728 1241 2769 re
1260 2708 1394 2788 publiea
1417 2711 1666 2791 provinciarum
1690 2715 1826 2777 foedere
1850 2717 2056 2798 retraxisset,
2084 2717 2137 2780 in-

337 2825 498 2895 saltabat,
519 2820 767 2895 dominabatur,
785 2814 859 2877 aliis
881 2812 1114 2894 pollicebatur,
1137 2821 1262 2877 terrore
1282 2834 1320 2877 ao
1341 2823 1431 2877 metu
1451 2814 1588 2896 multos,
1608 2815 1714 2896 pluris
1732 2815 1827 2878 etiam
1841 2835 1901 2899 spe
1915 2828 1948 2886 et
1960 2819 2135 2900 promissis

338 2931 483 2990 tenebat.
526 2932 575 2988 35.
595 2925 688 3006 Quae
707 2940 783 2982 cum
804 2927 912 2981 essent
934 2917 1111 2999 eiusmodi,
1132 2918 1272 3000 iudices,
1292 2941 1368 2982 eum
1387 2929 1519 2983 senatus
1532 2923 1633 2985 duces
1645 2923 1757 2984 nullos
1770 2942 1807 2984 ae
1819 2941 1882 3005 pro
1896 2922 2036 2986 ducibus
2055 2946 2136 3007 pro·

280 3040 321 3106 25
340 3030 465 3091 ditores
493 3034 551 3089 aut
573 3025 684 3108 potius
711 3032 841 3106 apertos
861 3020 966 3085 hostis
986 3025 1141 3105 baberet,
1170 3035 1322 3103 equester
1348 3027 1432 3087 ordo
1452 3045 1529 3088 reus
1549 3045 1569 3089 a
1589 3026 1782 3089 oonsulibus
1811 3026 1986 3109 citaretur,
2014 3030 2133 3094 ltaliae

337 3133 440 3197 totius
459 3130 636 3195 auctoritas
655 3129 903 3211 repudiaretur,
932 3125 989 3188 alii
1009 3125 1205 3188 nominatim
1230 3128 1473 3212 relegarentur,
1503 3129 1561 3192 alii
1581 3140 1671 3192 metu
1692 3141 1724 3194 et
1743 3130 1893 3212 periculo
1913 3143 2133 3218 terrerentur,

338 3260 430 3303 arma
450 3247 559 3303 essent
577 3237 614 3298 in
633 3234 786 3315 templis,
813 3231 930 3294 armati
948 3231 984 3293 in
1003 3231 1100 3312 foro,
1123 3251 1229 3311 eaque
1249 3250 1319 3293 non
1338 3232 1470 3295 silentio
1491 3234 1667 3297 consulum
1686 3235 1992 3318 dissimularentur,
2020 3242 2080 3300 sed
2100 3253 2133 3305 et

338 3365 421 3408 voce
442 3355 475 3407 et
494 3339 656 3405 sententia
676 3341 990 3418 comprobarentur,
1018 3357 1093 3399 eum
1115 3356 1231 3400 omnes
1252 3339 1378 3401 Urbem
1399 3340 1550 3401 nondum
1571 3340 1712 3404 excisam
1734 3351 1766 3405 et
1797 3363 1965 3427 eversam,
1992 3355 2042 3408 set
2063 3346 2130 3409 iam

339 3457 469 3526 captam
489 3456 587 3522 atque
608 3461 801 3525 oppressam
819 3441 1026 3522 videremus,
1055 3450 1165 3503 tamen
1188 3440 1240 3503 his
1262 3441 1359 3504 tantis
1380 3444 1475 3506 malis
1502 3455 1593 3507 tanto
1621 3447 1789 3508 bonorum
1817 3449 1951 3528 studio,
1981 3448 2132 3533 iudices,

280 3557 322 3622 30
341 3549 593 3612 restitissemuse
622 3558 672 3609 set
690 3568 745 3609 me
765 3544 822 3608 alii
840 3554 946 3609 metus
966 3556 1065 3626 atque
1084 3545 1168 3609 aliae
1188 3567 1286 3608 curae
1306 3547 1578 3629 suspicionesque
1598 3560 1781 3616 moverunt.

421 3653 509 3717 xv1.
550 3656 598 3715 36.
620 3653 793 3732 Exponam
809 3649 898 3712 enim
912 3650 1075 3713 hodierno
1091 3649 1158 3733 die,
1177 3648 1317 3729 iudices,
1338 3669 1472 3713 omnem
1484 3651 1643 3715 rationem
1656 3653 1735 3716 faeti
1747 3663 1778 3715 et
1790 3652 1908 3717 consili
1921 3654 2001 3719 mei:
2023 3676 2133 3738 neque

338 3758 417 3821 huie
436 3764 546 3819 vestro
566 3763 658 3817 tanto
680 3756 790 3817 studio
811 3753 967 3817 audiendi
987 3775 1048 3817 nee
1067 3774 1147 3818 vero
1167 3753 1246 3818 huic
1267 3764 1376 3818 tantae
1397 3755 1616 3838 multitudini,
1636 3769 1759 3839 quauta
1774 3761 1848 3821 mei
1860 3762 2023 3825 memoria
2035 3785 2132 3827 num-

339 3881 440 3942 quam
460 3862 532 3922 ullo
552 3859 589 3922 in
608 3858 732 3921 iudicio
753 3859 834 3940 luit,
854 3861 966 3922 deero.
1006 3861 1105 3940 Nam,
1123 3859 1154 3922 si
1176 3879 1239 3946 ego
1259 3859 1295 3920 in
1318 3879 1416 3923 eausa
1435 3869 1502 3922 tam
1521 3863 1626 3944 bona,
1646 3871 1736 3925 tanto
1753 3864 1865 3926 studio
1881 3877 2029 3947 senatus,
2052 3889 2133 3932 eon-

338 3984 438 4030 sensu
459 3973 526 4027 tam
548 3963 735 4027 incredibili
753 3966 922 4026 bonorum
943 3963 1107 4044 omnium,
1129 3975 1192 4027 tam
1212 3974 1348 4050 parato,
1365 3975 1433 4031 tota
1452 3966 1597 4047 denique
1615 3967 1710 4029 ltalia
1730 3970 1774 4030 ad
1794 3986 1930 4044 omnem
1950 3972 2133 4035 contentio-

281 4081 323 4147 35
341 4092 419 4134 nem
439 4069 593 4153 expedita
613 4069 696 4132 cessi
715 4067 839 4132 tribuni
856 4069 924 4149 pl.,
942 4066 1207 4150 despicatissumi
1225 4069 1388 4153 hominis,
1417 4070 1543 4152 furori,
1566 4071 1935 4155 contemptissumorum
1955 4078 2131 4141 consulum

338 4175 505 4239 levitatem
531 4174 770 4255 audaciamque
795 4170 971 4257 pertimui,
997 4171 1138 4234 nimium
1163 4193 1213 4236 me
1238 4174 1411 4255 timidum,
1441 4175 1567 4237 nullius
1594 4175 1716 4256 animi,
1746 4176 1869 4240 nullius
1890 4178 2008 4242 consili
2028 4180 2131 4246 luisse

338 4482 353 4553 <
394 4380 600 4550 35:11)ngme
617 4400 685 4453 laune
710 4399 739 4455 5.
756 4403 867 4454 mutavit
893 4401 918 4456 6.
937 4412 992 4456 tute
1009 4401 1058 4455 tibi
1087 4401 1113 4454 9.
1131 4418 1178 4475 qua
1206 4400 1247 4452 12.
1265 4401 1471 4472 νεωμᾰίιααι,
1488 4421 1550 4456 uoce
1577 4404 1619 4460 19.
1636 4402 1879 4478 templum(templo
1891 4405 2004 4477 Alica)
2038 4410 2080 4463 26.
2098 4431 2130 4467 oe

352 4497 377 4538 et
443 4522 449 4535 .
533 4504 638 4557 .neque
654 4505 716 4539 uero

409 4600 536 4659 LEC'l'l'.
571 4580 651 4656 ebed.
669 4606 710 4689 ,1.
727 4623 817 4669 suam,
839 4622 920 4658 meam
936 4622 952 4657 a
968 4603 1035 4658 sola.
1070 4601 1145 4656 lbld.
1162 4617 1227 4656 vesu
1243 4614 1344 4656 mutatu
1360 4607 1453 4675 signifi
1469 4603 1529 4660 abe.
1546 4624 1602 4658 non
1621 4605 1647 4659 d.
1682 4609 1705 4661 ⁵.
1725 4617 1836 4665 mutauit
1851 4611 1931 4667 abed.
1966 4615 1991 4669 6.
2010 4590 2065 4668 tirte
2082 4619 2132 4669 tibi

340 4689 398 4744 abe.
423 4704 479 4742 non
503 4684 532 4742 d.
565 4687 591 4740 9.
614 4691 662 4759 qul
684 4687 761 4740 abed.
800 4689 842 4743 1⁰.
865 4709 907 4744 ev.
930 4707 982 4740 uon
1000 4699 1076 4760 putet
1098 4686 1178 4743 abed.
1212 4690 1254 4742 11.
1271 4708 1339 4761 quae
1363 4701 1416 4743 tam
1440 4702 1531 4743 eontra
1553 4709 1593 4745 me
1614 4711 1693 4764 quam
1716 4709 1806 4749 cono-a
1830 4717 1909 4768 remp.
1932 4716 1973 4752 ac.
1998 4720 2055 4755 non
2080 4701 2129 4757 bd.

341 4775 384 4828 12.
401 4793 479 4845 remp.
497 4774 631 4836 dicam,
647 4790 710 4824 uoce
733 4771 811 4826 abed.
853 4775 893 4829 aa
913 4775 969 4845 loge
992 4774 1052 4826 abo.
1074 4788 1130 4824 non
1155 4771 1183 4828 d.
1223 4772 1295 4825 ibid.
1311 4776 1393 4843 sestis
1417 4774 1476 4828 abe.
1502 4776 1604 4830 nond.
1645 4782 1687 4833 15.
1706 4783 1749 4833 lex
1765 4784 1864 4844 Helia,
1886 4785 1929 4836 lea
1946 4787 2030 4839 Furia
2046 4787 2129 4841 abed.

341 4857 484 4911 ibidum
508 4876 562 4929 qm.
585 4860 603 4912 b
628 4859 694 4912 sola.
729 4859 770 4911 18.
787 4860 1082 4913 ebeumsmibermtura
1100 4858 1167 4915 sola.
1202 4859 1245 4911 19.
1258 4860 1433 4928 portabantur
1449 4877 1464 4910 a
1481 4861 1550 4922 sola,
1584 4864 1627 4918 21.
1645 4883 1745 4918 arranem
1762 4884 1814 4920 om.
1832 4869 1891 4923 abe.
1906 4888 1961 4923 nou
1974 4869 2002 4923 d.
2038 4869 2080 4924 26.
2097 4892 2129 4925 aa

342 4941 423 4999 abed.
458 4942 500 4995 32.
518 4962 564 4994 nec
587 4944 648 4996 bute
665 4962 688 5000 a.
713 4963 795 5017 aeque
818 4963 879 4997 vero
903 4942 964 4996 late
980 4963 1004 5000 a.
1027 4963 1072 4996 nec
1095 4943 1156 4996 duic
1172 4962 1198 4999 e.
1232 4945 1273 5000 Ut
1289 4964 1357 5010 uos,
1382 4943 1408 4999 11
1444 4947 1586 5017 33.suerit
1603 4949 1662 5002 abo.
1679 4967 1734 5001 non
1753 4948 1781 5002 d.
1814 4952 1887 5011 lbid.
1906 4960 1933 5007 in
1957 4954 2025 5006 bom
2049 4973 2129 5008 eausa

340 5045 356 5080 ι
372 5026 440 5097 sole.
475 5026 517 5081 36.
534 5033 643 5081 nimium
659 5046 711 5082 om.
730 5047 772 5084 se.
788 5047 844 5083 nou
862 5028 909 5082 bd.

410 5152 537 5236 bECTP.
553 5156 649 5210 ΜΕΜ.
685 5158 710 5214 ⁵.
728 5160 761 5212 V.
779 5161 880 5232 ὦμοι
899 5172 1022 5230 suspecta
1039 5157 1062 5216 1.
1081 5160 1111 5213 li.
1130 5158 1272 5215 Gronovlo
1289 5172 1317 5214 et
1331 5159 1481 5234 Madvigio.
1514 5164 1559 5224 12.
1580 5182 1660 5236 mnp.
1683 5164 1805 5240 fiebant.
1830 5185 1891 5220 uoce
1914 5166 1944 5225 C.
1969 5182 1997 5225 et
2017 5169 2128 5227 &eolus

342 5239 512 5317 Stephanus,
528 5239 576 5296 sed
594 5244 687 5315 potius
702 5244 905 5315 supplendum:
920 5245 1176 5316 tempserebontur,
1194 5263 1261 5304 voce.
1298 5243 1351 5302 Oa.
