4754 6068
1999 356 2043 427 15

256 533 304 599 6ο.
324 531 560 612 Memineram,
578 527 722 610 iudices,
754 509 904 591 divinum
923 525 1021 591 illum
1039 525 1150 591 virum
1168 533 1268 608 atque
1288 549 1329 591 ex
1346 526 1470 612 isdem,
1502 529 1623 611 quibus
1642 550 1723 612 nos,
1748 533 1915 598 radicibus
1934 547 2050 602 natum

256 639 299 699 ad
319 637 461 700 salutem
480 633 601 718 imperi
619 634 737 715 huius,
770 636 804 696 C.
826 632 987 710 Marium,
1012 652 1143 696 summa
1161 642 1348 717 senectute,
1379 655 1452 698 cum
1478 633 1546 696 vim
1571 654 1677 719 prope
1696 634 1860 702 iustorum
1880 661 2049 706 armorum
2147 690 2151 700 .

250 738 471 824 profugisset,
500 739 610 822 primo
640 737 743 802 senile
772 759 894 820 corpus
921 730 1099 822 paludibus
1126 741 1307 804 occultasse
1327 743 1533 817 demersum,
1565 742 1684 804 deinde
1716 744 1759 804 ad
1784 742 1988 809 infumorum
2007 768 2046 810 ac

254 844 532 907 tenuissumorum
561 843 737 907 hominum
756 845 935 909 Minturnis
969 844 1228 908 misericordiam
1258 845 1465 930 confugisse,
1495 844 1574 908 inde
1602 845 1735 931 navigio
1761 867 1945 930 perparvo,
1975 870 2051 914 cum

256 948 363 1013 omnis
390 959 506 1030 portus
536 958 706 1030 terrasque
732 950 877 1035 fugeret,
907 950 944 1013 in
974 969 1048 1015 oras
1074 951 1202 1015 Africae
1227 949 1475 1014 desertissumas
1495 951 1696 1033 pervenisse.
1740 953 1847 1032 Atque
1872 953 1930 1017 ille
1948 953 2088 1016 vitam5

175 1119 179 1126 ,
256 1072 370 1128 auam,
390 1073 433 1115 ne
452 1051 577 1118 inultus
599 1064 703 1137 esset,
726 1058 769 1118 ad
788 1054 1052 1120 incertissumam
1071 1076 1165 1140 spem
1187 1065 1219 1118 et
1238 1058 1282 1117 ad
1301 1055 1350 1118 rei
1369 1056 1523 1137 publicae
1543 1056 1648 1119 fatum
1668 1054 1867 1118 reservavitz
1889 1074 1971 1140 ego,
1992 1058 2051 1136 qui

256 1158 555 1239 (quemadmodum
575 1160 674 1222 multi
691 1160 728 1223 in
750 1171 866 1224 senatu
885 1183 941 1225 me
959 1165 1095 1226 absente
1115 1162 1280 1238 dixerunt)
1307 1159 1456 1242 periculo
1483 1158 1534 1243 rpi
1558 1160 1713 1241 publicae
1741 1160 1895 1222 vivebam
1924 1159 2050 1239 quique

256 1263 401 1357 obeam
424 1284 563 1328 causam
593 1264 823 1328 consularibus
849 1264 966 1328 litteris
993 1269 1037 1330 de
1064 1276 1198 1331 senatus
1227 1265 1390 1328 sententia
1418 1263 1536 1327 exteris
1559 1264 1751 1328 nationibus
1773 1264 2052 1342 commendabar,
2131 1256 2134 1261 ’
2218 1286 2222 1293 ·

252 1386 385 1448 nonne,
410 1366 440 1432 si
459 1390 569 1432 meam
590 1369 693 1433 vitam
713 1371 952 1455 deseruissem,
980 1393 1051 1436 rem
1076 1372 1241 1456 publicam
1269 1369 1519 1453 prodidissem?
1553 1369 1594 1432 In
1621 1391 1688 1451 qua
1714 1368 1850 1449 quidem
1878 1389 1968 1432 nunc
1995 1388 2049 1430 me

253 1471 403 1536 restituto
424 1473 507 1536 vivit
524 1494 656 1538 mecum
677 1474 778 1538 simul
797 1478 988 1560 exemplum
1007 1477 1087 1540 fidei
1105 1477 1270 1560 publicae.
1311 1479 1410 1560 Quod
1428 1476 1459 1539 si
1477 1476 1666 1538 immortale
1685 1474 1863 1552 retinetur,
1884 1472 1957 1552 quis
1978 1490 2048 1534 non
2070 1477 2110 1540 10
2158 1524 2161 1531 .

253 1573 416 1662 intellegit
434 1578 657 1642 immortalem
678 1583 764 1644 banc
784 1582 950 1646 civitatem
968 1582 1141 1651 futuram?

331 1682 457 1750 xxm.
499 1688 548 1746 51.
578 1686 662 1747 Nam
683 1696 817 1750 externa
835 1688 926 1749 bella
945 1706 1082 1771 regum,
1101 1678 1268 1772 gentium,
1297 1686 1471 1751 nationum
1491 1685 1689 1769 iampridem
1710 1685 1756 1747 ita
1777 1683 1936 1747 exstincta
1955 1689 2050 1754 sunt,

252 1792 289 1848 ut
307 1787 478 1867 praeclare
498 1808 572 1850 cum
592 1788 633 1852 iis
650 1790 807 1874 agamus,
837 1809 923 1871 quos
948 1800 1084 1872 paratos
1110 1810 1182 1855 esse
1208 1790 1382 1873 patiamur.
1423 1790 1576 1872 Denique
1605 1811 1646 1852 ex
1674 1787 1794 1850 bellica
1819 1786 1958 1849 victoria
1982 1803 2052 1845 nou
2166 1774 2174 1787 ⁴

251 1886 322 1950 iere
342 1910 547 1969 quemquam
575 1902 624 1954 est
643 1893 771 1956 invidia
796 1892 919 1957 civium
947 1905 1134 1961 consecuta.
1173 1897 1371 1960 Domesticis
1392 1897 1488 1960 malis
1511 1906 1543 1959 et
1563 1893 1739 1958 audacium
1761 1889 1883 1953 civium
1904 1886 2051 1950 consiliis

251 2010 352 2073 saepe
377 2002 427 2055 est
452 1994 672 2057 resistendum
694 1994 885 2074 'eorumque
910 1998 1136 2081 periculorum
1162 2013 1211 2067 est
1237 2003 1334 2066 inre
1364 2003 1499 2085 publica
1529 2001 1703 2065 retinenda
1733 1995 1917 2072 medicina3
1947 2011 2047 2072 quam
2071 1999 2110 2063 15

253 2114 408 2177 omnem,
427 2095 572 2175 iudices,
601 2095 844 2177 perdidissetis,
870 2096 901 2159 si
919 2118 995 2158 meo
1015 2104 1150 2167 interitu
1170 2108 1300 2170 senatui
1319 2110 1516 2190 populoque
1537 2109 1691 2168 Romano
1715 2093 1842 2165 doloris
1863 2098 1917 2161 sui
1937 2099 1979 2159 de
1999 2117 2053 2159 mc

254 2198 444 2263 declarandi
461 2208 607 2281 potestas
628 2208 713 2262 esset
733 2209 854 2279 erepta.
893 2201 1003 2283 Quare
1023 2221 1145 2264 moneo
1165 2221 1241 2281 vos,
1273 2214 1521 2276 adulescentes.
1550 2220 1650 2283 atque
1675 2211 1742 2271 boc
1769 2224 1845 2269 meo
1866 2204 1939 2265 iure
1959 2221 2054 2283 prac-

254 2302 361 2385 cipi0,
382 2302 441 2384 qui
461 2301 674 2386 dignitatem,
704 2300 853 2381 quirem
873 2303 1059 2383 publicam,
1091 2305 1149 2380 qui
1172 2306 1315 2386 gloriam
1343 2306 1513 2387 spectatis,
1542 2326 1601 2385 ne,
1632 2304 1661 2366 si
1688 2324 1755 2384 qua
1782 2328 1843 2366 vos
1872 2305 2052 2380 aliquando

253 2405 430 2470 necessitas
460 2407 504 2469 ad
533 2426 604 2468 rem
632 2405 802 2487 publicam
828 2416 944 2468 contra
970 2406 1145 2486 improbos
1170 2406 1250 2469 civis
1277 2408 1520 2472 defendendam
1545 2409 1700 2491 vocabit,
1728 2407 1899 2492 segniores
1927 2406 1999 2470 sitis
2024 2418 2056 2471 et

255 2511 484 2575 recordatione
509 2511 576 2573 mei
605 2530 698 2573 casus
724 2531 744 2572 a
771 2509 918 2573 consiliis
943 2510 1086 2573 fortibus
1113 2509 1297 2594 refugistis.
1340 2516 1390 2574 ta.
1416 2511 1585 2593 Primum,
1613 2532 1684 2574 non
1710 2521 1759 2574 est
1779 2511 1980 2593 periculum,
2007 2532 2051 2573 ne
2071 2510 2111 2573 20

256 2617 331 2697 quis
351 2636 499 2698 unquam
518 2614 642 2678 incidat
660 2613 697 2676 in
712 2614 879 2677 eiusmodi
891 2616 1061 2697 consules,
1079 2614 1274 2695 praesertim
1288 2615 1318 2677 si
1333 2615 1394 2676 erit
1407 2613 1460 2676 his
1475 2614 1527 2696 id,
1549 2617 1642 2694 quod
1656 2615 1811 2697 debetur,
1831 2618 2051 2697 persolutum.

252 2718 384 2782 Deinde
399 2738 582 2797 numquam
596 2718 679 2798 iam,
700 2728 737 2780 ut
756 2739 874 2802 spero,
894 2720 1071 2800 quisquam
1089 2720 1265 2802 improbus
1285 2717 1426 2782 consilio
1441 2728 1472 2781 et
1486 2717 1610 2781 auxilio
1623 2721 1791 2781 bonorum
1806 2701 1842 2781 se
1856 2741 2052 2805 oppugnare

256 2845 328 2887 rem
347 2822 517 2906 publicam
537 2823 623 2886 dicet
642 2823 708 2885 illis
728 2824 929 2905 tacentibus,
947 2845 1011 2888 nec
1030 2825 1147 2887 mmati
1167 2823 1328 2888 exercitus
1350 2835 1510 2887 terrorem
1532 2833 1682 2906 opponet
1706 2823 1842 2907 togatis3
1864 2843 1974 2903 neque
1992 2826 2054 2887 erit

257 2930 344 2992 iusta
365 2949 463 2993 causa
483 2929 659 3008 adportas
679 2927 808 2990 sedenti
826 2928 1040 3009 imperatori,
1069 2950 1173 3010 quare
1195 2950 1293 2993 suum
1314 2940 1474 2991 terrorem
1494 2928 1579 2991 falso
1597 2925 1711 2991 iactari
1731 2927 1926 3008 opponique
1947 2927 2051 3008 patia-

257 3044 321 3095 tur.
363 3036 552 3113 Numquam
575 3031 663 3095 enim
684 3032 744 3094 erit
762 3043 830 3095 tam
851 3052 1029 3114 oppressus
1048 3045 1202 3114 senatus,
1222 3044 1258 3095 ut
1285 3032 1317 3095 ei
1341 3053 1383 3095 ne
1403 3030 1614 3114 supplicandi
1635 3031 1771 3110 quidem
1793 3051 1832 3093 ac
1851 3031 1989 3113 lugendi
2008 3031 2050 3094 sit
2069 3031 2109 3096 25
2214 3064 2220 3075 ·

257 3147 420 3220 potestas,
440 3147 507 3200 tam
522 3146 637 3219 captus
651 3147 802 3217 equester
822 3139 922 3218 ordo,
942 3148 979 3199 ut
999 3132 1127 3219 equites
1149 3138 1293 3201 Romani
1311 3158 1330 3200 a
1349 3138 1487 3201 consule
1505 3138 1704 3220 relegentur.
1745 3138 1837 3219 Quae
1851 3158 1928 3199 cum
1941 3137 2054 3200 omnia
2113 3148 2117 3157 '

261 3253 361 3323 atque
387 3241 486 3305 etiam
511 3243 617 3304 multo
644 3241 709 3303 alia
734 3240 877 3323 maiora,
905 3261 991 3320 quae
1021 3245 1173 3306 consulto
1200 3253 1392 3325 praetereo,
1417 3241 1634 3322 accidissent,
1662 3240 1781 3303 videtis
1809 3261 1863 3302 me
1887 3252 1997 3303 tamen
2017 3242 2053 3304 in

257 3366 367 3410 meam
387 3346 561 3428 pristinam
581 3345 777 3430 dignitatem
797 3345 892 3408 brevi
912 3358 1063 3427 tempore
1083 3348 1210 3412 doloris
1230 3343 1401 3411 interiicto
1422 3349 1471 3410 rei
1489 3347 1643 3430 publicae
1662 3367 1747 3410 voce
1760 3366 1834 3410 esse
1850 3355 2054 3410 revocatum.

261 3480 265 3487 ·
337 3452 457 3517 XXIV.
500 3455 549 3516 ⁵3.
570 3452 642 3530 Set,
671 3460 707 3512 ut
727 3460 872 3513 revertar
901 3452 943 3512 ad
963 3451 1067 3534 illud,
1096 3457 1188 3533 quod
1214 3455 1299 3516 mibi
1324 3453 1360 3515 in
1384 3456 1447 3517 hac
1468 3453 1562 3516 omni
1581 3462 1631 3516 est
1651 3453 1801 3516 oratione
1821 3451 2053 3534 propositum,
2154 3498 2158 3505 -

259 3555 415 3618 omnibus
436 3554 531 3618 malis
551 3554 610 3618 illo
630 3574 719 3617 anno
739 3557 862 3618 scelere
883 3559 1058 3620 consulum
1078 3557 1329 3639 rempublicam
1344 3577 1415 3620 esse
1435 3558 1635 3639 conlectam,
1655 3559 1801 3641 primum
1819 3559 1879 3621 illo
1893 3558 1966 3642 ipso
1982 3557 2051 3639 die,
2070 3551 2112 3621 30

260 3661 319 3742 qui
337 3661 421 3723 mihi
439 3662 589 3726 funestus
608 3660 689 3741 fuit,
710 3662 866 3724 omnibus
886 3661 986 3725 bonis
1005 3662 1198 3744 luctuosus,
1223 3684 1298 3724 cum
1319 3682 1382 3746 ego
1403 3683 1457 3725 me
1477 3684 1496 3725 e
1514 3665 1690 3746 complexu
1711 3664 1839 3746 patriae
1859 3672 2054 3744 conspectu-

257 3787 323 3847 que
352 3777 461 3829 vestro
492 3767 686 3848 eripuissem
714 3776 746 3827 et
773 3778 862 3829 metu
889 3766 991 3830 vestri
1014 3767 1174 3849 periculi,
1201 3787 1271 3829 non
1291 3768 1375 3847 mei,
1399 3767 1509 3831 furori
1533 3768 1700 3848 hominis,
1727 3767 1846 3830 sceleri
1873 3766 2053 3849 perfidiae,

260 3869 334 3934 telis
354 3869 520 3950 minisque
541 3872 707 3934 cessissem
720 3870 946 3954 patriamque,
967 3893 1053 3952 quae
1073 3871 1156 3935 mibi
1174 3881 1242 3934 erat
1258 3871 1454 3956 carissuma,
1473 3884 1613 3957 propter
1626 3873 1731 3956 ipsius
1744 3872 1873 3956 patriae
1886 3872 2054 3937 caritatem
2140 3928 2145 3937 .

259 3974 487 4056 reliquissem
507 3996 584 4038 cum
603 3995 715 4038 meum
736 3974 965 4059 illumcasum
983 3986 1049 4042 tam
1063 3976 1276 4060 horribilem,
1295 3989 1361 4040 tam
1381 3999 1532 4063 gravem,
1552 3988 1619 4040 tam
1632 3977 1844 4059 repentinum
1857 3997 1928 4039 non
1941 3977 2050 4039 solum

259 4077 430 4160 homines,
465 4088 516 4141 set
541 4087 624 4142 tecta
652 4078 752 4140 Urbis
780 4075 970 4166 acffmpla
995 4082 1166 4165 lugerent,
1192 4102 1293 4145 nemo
1319 4083 1466 4146 vestrdm
1490 4083 1619 4164 iorum,
1645 4100 1746 4143 nemo
1777 4081 1917 4167 quriam,
1947 4100 2046 4143 nemo
2065 4088 2107 4154 35
2188 4110 2193 4119 ·

260 4183 368 4245 lucem
387 4181 558 4283 adspicere
577 4184 695 4246 vellete
725 4183 806 4266 illo,
830 4182 987 4268 inquam,
1012 4187 1087 4270 ipso
1113 4187 1186 4271 die,
1216 4189 1270 4253 die
1297 4189 1398 4259 dico?
1427 4190 1530 4252 immo
1559 4191 1643 4250 hora
1674 4196 1776 4267 atque
1803 4186 1902 4250 etiam
1926 4197 2051 4271 puncto

260 4328 725 4352 m

300 4443 303 4450 '
330 4437 414 4491 ERN.
449 4437 475 4493 6.
492 4453 589 4493 sautum
614 4441 658 4494 10.
674 4441 899 4516 exemplumfidai
911 4443 1044 4514 publicae,
1070 4447 1213 4517 amplum
1230 4447 1403 4517 reipublicae
1419 4447 1607 4516 dej'mdendae,
1628 4441 1786 4516 (cataplum
1802 4446 1930 4517 reipubl.
1947 4441 2048 4515 defend.

262 4539 315 4579 om.
342 4521 489 4587 ascahc.)
524 4526 567 4581 21.
590 4546 621 4579 ne
643 4531 691 4600 qui
714 4545 830 4599 unquam
854 4532 908 4581 rint
933 4533 961 4581 in
984 4533 1091 4584 deitate
1114 4534 1241 4585 einaaaoda‘
1264 4533 1380 4586 eonsules
1424 4533 1468 4586 2t.
1494 4544 1615 4584 terrorem
1638 4549 1715 4582 auum
1746 4528 1836 4596 (aarum
1860 4543 1983 4584 terrorem
2005 4526 2054 4593 Α.)
2116 4566 2122 4577 .

262 4605 304 4658 28.
319 4611 458 4677 pristinam
475 4627 555 4661 meam
584 4610 657 4665 ibid.
675 4613 757 4664 brevis
773 4618 894 4684 temporis
911 4615 1001 4666 dolore

238 4833 245 4847 .
333 4759 457 4817 Lbel'r.
492 4763 572 4820 abed.
608 4767 634 4818 2.
648 4786 729 4838 prope
745 4773 796 4821 vim
812 4769 873 4822 abe.
890 4788 945 4822 non
965 4768 992 4826 d.
1029 4772 1053 4823 6.
1071 4784 1169 4824 statum
1185 4772 1264 4827 abed.
1300 4775 1325 4827 9.
1343 4779 1371 4825 ira
1386 4793 1440 4845 qno
1457 4772 1536 4828 abed.
1573 4775 1615 4828 10.
1633 4774 1674 4826 Ue
1691 4773 1773 4834 Ero..
1801 4749 1826 4825 d.
1864 4773 1904 4823 11.
1924 4771 2053 4844 intelliget

263 4845 377 4901 arola.
412 4847 453 4902 13.
470 4869 528 4902 eum
546 4849 648 4902 bisad.
667 4869 721 4904 nou
738 4853 783 4906 be.
818 4857 859 4911 ld.
877 4876 929 4909 noa
945 4858 1008 4924 sere
1030 4876 1104 4928 quera
1129 4870 1167 4910 eat
1191 4876 1218 4913 a.
1241 4878 1293 4911 noa
1308 4861 1371 4928 sere
1388 4864 1528 4932 quicquam
1544 4871 1582 4912 est
1599 4861 1627 4911 b.
1656 4859 1697 4910 Ut
1715 4873 1782 4915 noa,
1799 4853 1843 4907 cd.
1879 4854 1920 4910 15.
1935 4858 2053 4927 pericula
2119 4856 2125 4865 '

263 4932 308 4988 ad.
320 4951 376 4988 non
388 4934 432 4987 bo.
466 4935 508 4986 21.
526 4936 717 5000 UtErn.,ab.
730 4959 785 4991 nou
797 4941 841 4995 ed.
877 4942 1140 4996 lbidiisidabcd·
1176 4945 1219 4996 22.
1237 4949 1360 4997 ianaom.
1378 4946 1437 4998 abc.
1456 4942 1559 5000 nond.
1593 4941 2052 4998 tt.reer0remsunmabed.1bid.
2150 4940 2155 4949 ⁴

255 5021 334 5087 salae
357 5037 411 5075 orn.
436 5019 558 5073 abner
581 5022 625 5075 ed.
660 5025 703 5078 2⁸.
718 5030 857 5095 pristinam
879 5048 960 5083 uam
984 5027 1043 5082 abe.
1069 5047 1123 5083 nun
1149 5028 1176 5082 d.
1211 5029 1285 5084 lbid.
1310 5033 1383 5083 brevi
1405 5035 1525 5102 temporis
1548 5029 1636 5082 dolore
1658 5024 1739 5084 abed.
1774 5027 1854 5082 31..
1878 5046 1932 5083 om.
1950 5044 1964 5080 a
1984 5026 2051 5084 sola.
2085 5076 2103 5101 ἡ
2208 5094 2211 5101 Ι

265 5104 307 5158 ³2.
320 5108 434 5175 periculi
448 5109 530 5160 vetui
544 5107 624 5162 abed.

332 5256 457 5312 Lucra.
474 5259 567 5312 unat.
603 5259 646 5314 16.
662 5278 803 5328 meam
818 5278 904 5318 utera
922 5267 1099 5331 Garsauria,
1127 5288 1267 5345 numquam
1282 5275 1392 5346 amiqua
1407 5273 1569 5348 Madvigius.
