4740 6068
374 366 424 477 ..j-s
1826 468 1829 473 ,
2013 382 2063 452 39

251 594 321 640 noa
337 574 495 647 deerant,
522 570 582 651 qui
609 590 680 631 rem
707 566 877 650 publicam
898 577 1014 630 eontra
1034 565 1153 649 populi
1172 565 1391 629 temeritatem
1413 565 1641 647 defenderent,
1671 587 1749 627 cum
1776 586 1915 649 omnes,
1939 567 1999 648 qui
2015 567 2062 631 ita

251 683 415 760 fecerant,
443 699 462 741 e
489 674 619 739 civitate
639 674 858 740 eiicerentur:
887 674 919 738 si
935 674 1191 737 Themistoclem
1214 673 1326 747 illuni,
1353 685 1620 735 conservatorem
1641 672 1788 755 patriae,
1810 694 1881 735 non
1904 674 2063 738 deterruit

246 807 327 851 are
347 784 483 869 publica
504 781 712 845 defendenda
732 802 795 843 nee
816 779 961 843 Miltiadi
981 780 1170 851 calamitas,
1198 779 1256 859 qui
1276 778 1369 841 illam
1392 778 1558 843 civitatem
1579 782 1695 863 paullo
1717 791 1794 845 ante
1815 792 1983 860 servarat,
2001 804 2063 845 nee

249 892 384 956 Aristidi
402 893 502 976 fuga,
522 889 580 970 qui
599 908 686 951 unus
708 888 860 950 omnium
881 886 1093 951 iustissumns
1113 886 1216 950 fuisse
1236 886 1391 947 traditur:
1418 886 1447 947 si
1468 897 1585 967 postca
1605 887 1729 949 summi
1752 886 1901 949 eiusdem
1921 888 2065 949 civitatis

252 1000 331 1081 riri,
358 1018 447 1079 quos
468 995 665 1060 nominatim
686 995 850 1076 appellari
870 1014 940 1055 non
962 1004 1012 1058 est
1031 1014 1181 1075 necesse,
1207 992 1390 1075 propositis
1421 1005 1469 1054 tot
1500 994 1661 1075 exemplis
1688 992 1880 1055 iracundiae
1907 991 2103 1063 levitatis-5

251 1126 317 1187 que
336 1104 511 1187 popularis
531 1113 642 1166 tamen
664 1122 760 1163 suam
781 1122 851 1163 rem
872 1092 1042 1182 publicam
1063 1100 1156 1162 illam
1176 1100 1414 1162 defenderunt:
1436 1100 1518 1180 quid
1538 1120 1600 1161 nos
1617 1101 1752 1161 tandem
1769 1098 1876 1160 lacere
1890 1101 2064 1181 debemus,

249 1210 400 1294 primum
419 1211 453 1272 in
473 1232 513 1272 ea
534 1209 667 1271 civitate
687 1209 771 1287 irati,
792 1210 881 1270 unde
903 1219 975 1269 orta
998 1207 1081 1269 mihi
1102 1206 1248 1291 gravitas
1269 1216 1300 1268 et
1324 1206 1521 1289 magnitudo
1542 1207 1646 1268 animi
1667 1206 1813 1286 ridetur,
1835 1216 1906 1268 turn
1926 1206 2066 1269 intanta

254 1318 362 1403 gloria
379 1316 589 1395 insistentes,
620 1324 657 1377 ut
687 1314 800 1377 omnia
828 1318 974 1377 humana
1004 1314 1132 1377 leviora
1161 1313 1268 1376 rideri
1293 1314 1453 1393 debcaut3
1483 1312 1605 1375 deinde
1632 1316 1676 1375 ad
1703 1334 1776 1375 eam
1801 1313 2065 1395 rempublicam

255 1425 407 1486 tuendam
435 1421 604 1507 aggressi,
634 1442 721 1501 quae
749 1431 838 1483 tanta
862 1420 1023 1505 dignitate
1051 1429 1119 1502 est,
1148 1431 1185 1483 ut
1210 1440 1284 1483 eam
1311 1420 1546 1483 defendentem
1573 1418 1726 1483 occidere
1748 1418 1851 1482 satius
1871 1418 1933 1500 sit,
1963 1439 2065 1499 quam

255 1541 503 1614 oppugnantem
527 1549 637 1590 rerum
658 1525 784 1610 potiri?
2084 1520 2126 1586 10

330 1636 489 1698 LXVlll.
532 1656 598 1715 ¹42·
620 1634 782 1697 Homines
802 1632 940 1713 Graeci,
961 1652 1047 1713 quos
1068 1643 1164 1695 antea
1185 1632 1376 1713 nominari,
1396 1632 1511 1714 inique
1532 1654 1552 1695 a
1573 1633 1642 1695 suis
1661 1632 1788 1696 civibus
1804 1632 1953 1697 damnati
1966 1645 2068 1716 atque

249 1741 401 1823 expulsi,
431 1752 556 1823 tamen,
586 1742 664 1821 quia
693 1744 779 1803 bene
809 1749 887 1803 sunt
917 1739 959 1801 de
989 1738 1058 1800 suis
1086 1739 1275 1801 civitatibus
1303 1740 1431 1820 meriti,
1461 1752 1552 1802 tanta
1578 1738 1680 1801 hodie
1707 1738 1814 1823 gloria
1843 1752 1921 1801 sunt
1940 1760 2012 1803 non
2030 1740 2067 1801 in

248 1846 394 1910 Graecia
413 1850 544 1927 solum,
562 1859 612 1911 set
634 1847 733 1909 etiam
754 1856 835 1928 aput
854 1864 918 1907 nos
938 1854 1038 1923 atque
1058 1844 1093 1905 in
1114 1845 1229 1908 ceteris
1253 1846 1364 1924 terris,
1392 1856 1430 1908 ut
1450 1866 1526 1925 eos,
1545 1866 1565 1907 a
1587 1843 1708 1925 quibus
1730 1843 1780 1907 illi
1800 1845 1952 1926 oppressi
1972 1854 2066 1925 sunt,

249 1974 356 2016 nemo
377 1954 546 2034 nominet,
565 1957 687 2016 horum
707 1953 919 2016 calamitatem
941 1949 1161 2015 dominationi
1173 1953 1310 2016 illorum
1325 1971 1443 2014 omnes
1456 1962 1670 2032 anteponant.
1711 1950 1792 2034 Quis
1809 1950 2065 2035 Karthaginien·

251 2057 338 2122 sium
368 2059 476 2138 pluris
508 2059 570 2116 snit
596 2059 788 2119 Hannibale
817 2057 959 2119 consilio
988 2058 1109 2121 virtute
1143 2061 1243 2121 rebus
1271 2057 1389 2141 gestis,
1418 2056 1477 2136 qui
1505 2078 1592 2121 tirius
1622 2080 1698 2121 curn
1730 2070 1778 2119 tot
1807 2057 2061 2140 imperatoribus
2084 2056 2125 2119 15

257 2162 373 2225 nostris
395 2184 456 2244 per
478 2173 524 2223 tot
548 2182 652 2224 annos
674 2164 715 2224 de
736 2162 877 2243 imperio
900 2165 994 2225 etde
1015 2163 1125 2246 gloria
1147 2164 1351 2226 decertavit?
1387 2165 1485 2225 Hunc
1505 2163 1557 2227 sui
1578 2164 1665 2228 cives
1687 2186 1705 2227 e
1727 2164 1858 2227 civitate
1878 2164 2065 2226 eiecerunt:
2118 2214 2123 2223 .

255 2288 316 2331 nos
337 2269 437 2331 etiam
454 2271 583 2330 hostem
606 2266 723 2329 litteris
749 2267 871 2328 nostris
898 2279 929 2327 ct
954 2267 1117 2329 memoria
1146 2268 1299 2329 videmus
1327 2287 1399 2328 esse
1424 2271 1641 2331 celebratum.
1687 2280 1753 2347 ¹43·
1776 2276 1883 2356 Quare
1900 2270 2066 2333 imitemur

254 2386 385 2439 nostros
407 2378 540 2455 Brutos,
562 2373 735 2454 Camillos,
762 2372 899 2450 Ahalas,
921 2370 1058 2451 Decios,
1080 2372 1213 2452 Curios,
1239 2372 1426 2454 Fabricios,
1453 2377 1649 2457 Maxumus,
1673 2378 1860 2458 Scipiones,
1890 2379 2067 2457 Lentulos,

253 2480 428 2564 Aemilios,
447 2478 701 2541 innumerabilis
720 2478 824 2559 alios,
845 2477 905 2558 qui
924 2480 1010 2539 lianc
1029 2499 1100 2540 rem
1121 2479 1290 2560 publicam
1311 2481 1558 2543 stabiliverunt:
1581 2502 1666 2559 quos
1689 2481 1845 2559 equidem
1867 2481 1901 2542 in
1924 2484 2065 2543 deorum

251 2588 490 2651 immortalium
512 2598 607 2649 coetu
623 2606 661 2650 ac
675 2604 816 2648 numero
830 2604 971 2666 repono.
1011 2586 1173 2647 Amemus
1187 2586 1343 2667 patriam,
1365 2606 1539 2667 parcamus
1553 2584 1696 2662 senatui,
1719 2590 1932 2649 consulamus
1948 2587 2061 2649 bonis:
2084 2590 2125 2653 20

255 2692 439 2775 praesentis
465 2693 588 2754 fructus
610 2693 835 2777 negligamus,
854 2690 1056 2774 posteritatis
1077 2691 1206 2775 gloriae
1226 2692 1429 2755 serviamus:
1450 2692 1485 2752 id
1500 2712 1572 2753 esse
1586 2701 1761 2772 optumum
1776 2703 1949 2771 putemus,
1973 2696 2068 2773 quod

256 2800 320 2863 erit
337 2798 581 2863 rectissumum:
606 2818 796 2881 speremus,
816 2819 903 2878 quae
921 2799 1096 2878 volumus,
1115 2807 1184 2871 set,
1206 2799 1300 2877 quod
1320 2797 1495 2879 acciderit,
1517 2798 1680 2861 feramus:
1712 2796 1897 2879 cogitemus
1919 2798 2066 2876 denique

255 2925 376 2987 corpus
397 2905 548 2967 virorum
575 2904 708 2967 fortium
732 2925 998 2988 magnorumque
1023 2902 1200 2966 hominum
1222 2925 1294 2967 esse
1315 2906 1472 2982 mortale,
1501 2906 1605 2968 animi
1631 2924 1712 2967 vero
1740 2916 1847 2967 motus
1876 2914 1907 2964 et
1931 2901 2062 2965 virtutis

255 3011 399 3093 gloriam
420 3010 677 3093 sempiternam:
705 3033 814 3091 neque
834 3013 921 3073 hane
944 3010 1140 3092 opinionem
1161 3010 1246 3073 siin
1267 3011 1326 3073 illo
1341 3011 1560 3073 sanctissumo
1576 3015 1721 3075 Hercule
1736 3022 1961 3074 consecratam
1974 3010 2066 3073 vide·

254 3138 346 3199 mus,
375 3117 470 3180 cuius
499 3138 640 3200 corpore
669 3121 823 3181 ambusto
848 3116 952 3179 vitam
980 3116 1051 3179 eius
1079 3127 1111 3179 et
1137 3116 1293 3178 virtutem
1321 3118 1551 3179 immortalitas
1578 3118 1748 3199 excepisse
1777 3118 1923 3197 dicatur,
1951 3119 2062 3181 minus
2082 3120 2122 3184 25

256 3223 482 3286 existimemus
512 3244 589 3303 eos,
620 3223 678 3303 qui
703 3227 789 3285 lianc
818 3231 941 3284 tantam
966 3244 1038 3286 reru
1060 3224 1229 3304 publicam
1250 3224 1318 3285 suis
1340 3225 1487 3287 consiliis
1509 3247 1548 3288 ac
1568 3225 1741 3287 laboribus
1762 3237 1817 3286 aut
1837 3225 1988 3287 auxerint
2009 3239 2066 3287 aut

256 3329 466 3393 defenderint
487 3342 540 3391 aut
562 3330 741 3411 servarint,
763 3350 835 3392 esse
854 3330 1073 3393 immortalem
1095 3328 1235 3413 gloriam
1258 3344 1462 3395 euriserutos.

337 3437 454 3499 LXIX.
499 3462 564 3517 ιμ’.
586 3438 639 3499 ser
660 3458 711 3499 me
730 3448 882 3519 repente,
901 3437 1041 3519 iudiecS,
1065 3440 1106 3499 de
1126 3437 1397 3501 fortissumorum
1419 3451 1449 3499 et
1471 3439 1742 3500 clarissumarum
1764 3437 1886 3500 civium
1905 3437 2065 3522 dignitate

257 3554 288 3606 et
307 3544 417 3629 gloria
439 3544 602 3605 dicentem
631 3555 663 3607 et
692 3544 790 3626 plura
819 3543 916 3605 ctiam
946 3543 1056 3606 dicere
1085 3556 1259 3627 parantem
1286 3547 1407 3605 horum
1430 3547 1606 3627 adspectus
1627 3546 1663 3606 in
1683 3545 1758 3627 ipso
1781 3566 1878 3606 eursu
1903 3546 2065 3607 orationis

256 3650 422 3730 repressit.
465 3650 574 3713 Video
601 3654 637 3717 P.
664 3650 806 3713 Sestium
835 3672 923 3714 ureae
949 3653 1081 3733 salutis,
1110 3664 1238 3714 restrae
1266 3652 1489 3733 auctoritatis,
1516 3653 1667 3733 publicae
1699 3676 1816 3717 causae
1849 3654 2059 3717 defensorem
2081 3657 2122 3719 30

258 3767 534 3839 propugnatorem
556 3770 721 3839 actorem,
746 3778 862 3836 reum;
888 3758 988 3821 rideo
1009 3763 1099 3822 hunc
1120 3770 1362 3843 praetextatum
1384 3758 1454 3821 eius
1476 3759 1582 3821 silium
1606 3762 1711 3823 oculis
1732 3762 1989 3824 laerrunantiluis
2011 3782 2064 3823 me

255 3862 456 3941 intuentem,
485 3864 584 3924 rideo
615 3866 797 3942 lllilonem,
823 3861 990 3925 vindicem
1020 3877 1146 3929 restrae
1174 3866 1352 3950 libertatis,
1380 3871 1552 3930 custodem
1584 3867 1699 3929 salutis
1731 3889 1845 3948 meae,
1879 3868 2065 3930 subsidium

255 3970 394 4034 afflictae
414 3969 463 4033 rei
485 3970 659 4052 publicae,
689 3968 918 4032 exstinctorem
948 3972 1121 4034 domestici
1147 3972 1319 4054 latrocini,
1346 3993 1571 4054 repressorem
1592 3972 1699 4034 caedis
1727 3972 1926 4053 cotidianae,
1952 3972 2064 4034 defen·

256 4099 365 4141 sorem
390 4080 589 4160 templorum
610 4088 710 4157 atque
731 4086 914 4153 tectorum,
942 4080 1145 4159 praesidium
1167 4082 1293 4159 curiae,
1322 4082 1531 4143 sordidatum
1559 4090 1590 4141 ct
1615 4100 1729 4155 reum:
1759 4076 1857 4138 rideo
1882 4081 1920 4139 Ρ.
1943 4080 2064 4139 Lentu·

257 4186 348 4264 lum,
367 4184 457 4247 euius
478 4204 544 4268 ego
564 4193 688 4266 patrem
709 4186 810 4246 deum
832 4205 870 4246 ae
890 4198 1061 4267 parentem
1081 4197 1190 4249 statuo
1211 4188 1366 4250 fortunae
1388 4208 1425 4248 ac
1446 4184 1591 4248 nominis
1613 4184 1678 4246 mei
1700 4196 1732 4247 et
1751 4182 1861 4245 fratris
1883 4206 2063 4265 rerumque
2082 4190 2123 4255 35

257 4299 460 4371 nostrarum,
484 4291 519 4351 in
545 4293 613 4353 hoc
635 4290 757 4353 misero
785 4293 941 4371 squalore
962 4303 993 4356 et
1014 4294 1191 4357 sordibus:
1213 4293 1294 4376 quoi
1314 4293 1468 4375 superior
1489 4313 1596 4355 annus
1616 4290 1704 4354 idem
1728 4304 1759 4354 et
1780 4291 1927 4375 uirilem,
1947 4292 2066 4377 patris,

327 4522 410 4576 ERN.
446 4521 471 4573 3.
489 4522 622 4575 Miltiadis
640 4552 677 4562 -
693 4550 730 4564 -
755 4525 884 4579 Arr'stidis
918 4526 946 4578 9.
972 4529 1085 4578 occidere
1108 4547 1159 4577 nors
1185 4528 1263 4577 aliud
1283 4531 1318 4578 sit
1340 4525 1467 4592 (occidere
1491 4537 1573 4576 satius
1598 4529 1632 4575 sit
1658 4522 1723 4577 dedi
1750 4523 1784 4576 de
1810 4545 1868 4579 mea
1887 4528 2065 4591 coniectura.)

256 4608 299 4663 25.
317 4610 413 4660 dicitur
430 4607 547 4673 (dicatur
565 4608 648 4664 ABG.
665 4611 800 4681 probante
817 4612 982 4685 bladrigio.)
1018 4613 1058 4667 31.
1078 4627 1207 4664 auctorem

327 4727 455 4784 LECTT.
491 4729 572 4783 sbed.
608 4733 633 4785 t.
651 4732 818 4801 defrudersrnt
835 4752 859 4784 a.
895 4735 922 4786 2.
930 4737 1054 4804 feceruut
1073 4736 1115 4787 ab.
1153 4736 1176 4787 3.
1195 4736 1331 4787 Miltiadis
1348 4763 1383 4772 —
1401 4762 1438 4773 --
1460 4734 1591 4786 Aristidis
1617 4733 1697 4788 abed.
1733 4736 1756 4790 lt.
1775 4736 1906 4784 traditur:
1931 4736 1997 4806 quid
2018 4755 2064 4787 nos

255 4818 360 4871 undem
376 4837 400 4869 a.
436 4818 462 4872 9.
479 4819 593 4869 occidere
610 4837 662 4868 uon
679 4820 756 4869 aliud
771 4825 806 4870 sit
823 4819 902 4873 abed.
940 4822 982 4872 12.
1000 4828 1064 4891 qiua
1089 4836 1150 4872 aaut
1174 4825 1204 4871 ‹le
1228 4830 1282 4873 suis
1308 4824 1459 4873 ciuitatibus
1485 4824 1547 4875 bene
1573 4828 1659 4874 irretiti
1681 4840 1704 4873 a.
1729 4823 1760 4870 alc
1782 4823 1836 4868 suis
1857 4825 2001 4872 corripies-iti
2018 4822 2062 4875 be.

257 4922 310 4958 nott
327 4904 357 4959 d.
376 4884 435 4957 ⁹13.
452 4910 571 4976 oppressi
585 4910 639 4957 sirit
657 4904 675 4956 d
692 4906 759 4958 sola.
797 4906 839 4959 ll.
859 4906 1103 4978 (isrtlurgiueusiuus
1127 4909 1207 4959 almd.
1245 4910 1285 4961 ili.
1305 4910 1335 4959 de
1358 4914 1482 4979 imperio,
1506 4910 1537 4957 dc
1560 4912 1649 4978 gloria
1672 4927 1686 4957 a
1711 4906 1778 4957 sola.
1816 4906 1858 4960 18.
1876 4906 1964 4958 Halos
1982 4908 2064 4962 abed.

256 4990 302 5042 21.
317 4995 467 5059 posteritati
481 5002 507 5042 ct
523 4993 626 5062 gloriae
643 4992 724 5045 abed.
760 4995 802 5045 22.
821 4996 893 5065 qaod
908 4997 1025 5046 volamus
1044 4996 1102 5044 abc.
1122 5014 1178 5045 non
1198 4995 1223 5050 d.
1262 4997 1306 5048 252.
1323 4996 1420 5045 dieitur
1437 4993 1513 5046 abed.
1552 4995 1595 5047 26.
1613 5008 1660 5044 aas
1679 4994 1811 5044 laboribus
1826 4994 1906 5048 abed.
1943 4995 1986 5049 2'l.
2004 5015 2065 5047 cors·

255 5079 420 5129 mutaresb
439 5076 509 5129 sola.
546 5078 588 5130 31.
606 5092 736 5131 auctorem
754 5080 834 5132 abed.
871 5081 911 5132 35.
931 5086 981 5131 mci
988 5082 1091 5148 fratris
1110 5080 1128 5131 d
1146 5082 1214 5136 sola.

329 5196 455 5253 LECl'l.
472 5200 570 5253 illEM.
605 5200 629 5251 2.
647 5202 759 5253 occidere
776 5203 918 5272 optabilius
935 5208 969 5252 sis
986 5201 1158 5261 Schuetriu53
1178 5204 1241 5254 item
1262 5200 1401 5253 Deliraeus
1418 5200 1507 5253 Adur.
1527 5202 1551 5253 2.
1571 5218 1597 5270 p.
1616 5200 1676 5254 376.
1696 5172 1808 5253 decidere
1826 5209 1910 5257 asaias
1928 5208 1962 5255 sit
1982 5199 2062 5253 blad-

256 5286 354 5356 rigias.
388 5284 445 5340 Sed
470 5286 543 5359 quod
569 5289 694 5359 reposui,
717 5289 747 5340 id
772 5307 883 5358 prorsus
909 5307 984 5339 usum
1003 5288 1162 5341 'l'ullianum
1183 5293 1270 5341 refert.
1311 5290 1440 5341 librariis
1458 5290 1614 5361 vulgaribus
1640 5289 1730 5343 minus
1749 5292 1843 5344 tritum
1861 5304 1988 5345 sariussta
2005 5307 2065 5340 sor·

256 5386 366 5445 ruptum
383 5376 502 5445 primum
519 5394 580 5429 eum
598 5388 668 5430 essst
683 5379 711 5427 in
731 5392 863 5439 arroasia,
881 5392 967 5448 paene
985 5377 1134 5429 necessario
1152 5376 1334 5447 interpolator
1353 5376 1525 5446 negationem
1546 5376 1704 5430 inculcarit.

2237 5268 2258 5297 Ὦ
2304 5276 2313 5293 s
