<?xml version="1.0" encoding="UTF-8"?>
<!DOCTYPE html PUBLIC "-//W3C//DTD XHTML 1.0 Transitional//EN"
    "http://www.w3.org/TR/xhtml1/DTD/xhtml1-transitional.dtd">
<html xmlns="http://www.w3.org/1999/xhtml" xml:lang="en" lang="en">
 <head>
  <title>
</title>
<meta http-equiv="Content-Type" content="text/html;charset=utf-8" />
  <meta name='ocr-system' content='tesseract 3.04.00' />
  <meta name='ocr-capabilities' content='ocr_page ocr_carea ocr_par ocr_line ocrx_word'/>
</head>
<body>
  <div class='ocr_page' id='page_1' title='image "./propsestioorati00orelgoog_0021.png"; bbox 0 0 4740 6068; ppageno 0'>
   <div class='ocr_carea' id='block_1_1' title="bbox 311 366 335 439">
    <p class='ocr_par' dir='ltr' id='par_1_1' title="bbox 311 366 335 439">
     <span class='ocr_line' id='line_1_1' title="bbox 311 366 335 439; baseline 0 0"><span class='ocrx_word' id='word_1_1' title='bbox 311 366 335 439; x_wconf 84' lang='grc'><strong>4</strong></span> 
     </span>
    </p>
   </div>
   <div class='ocr_carea' id='block_1_2' title="bbox 250 538 2117 1990">
    <p class='ocr_par' dir='ltr' id='par_1_2' title="bbox 311 538 2116 632">
     <span class='ocr_line' id='line_1_2' title="bbox 311 538 2116 632; baseline -0.004 -17"><span class='ocrx_word' id='word_1_2' title='bbox 311 572 389 617; x_wconf 88' lang='lat' dir='ltr'>nem</span> <span class='ocrx_word' id='word_1_3' title='bbox 401 547 552 632; x_wconf 88' lang='lat' dir='ltr'>periculo</span> <span class='ocrx_word' id='word_1_4' title='bbox 566 563 628 609; x_wconf 88' lang='lat' dir='ltr'>suo</span> <span class='ocrx_word' id='word_1_5' title='bbox 642 542 883 625; x_wconf 74' lang='lat' dir='ltr'>defendissent,</span> <span class='ocrx_word' id='word_1_6' title='bbox 896 539 1018 606; x_wconf 86' lang='lat' dir='ltr'>Sestius</span> <span class='ocrx_word' id='word_1_7' title='bbox 1032 556 1108 605; x_wconf 85' lang='lat' dir='ltr'>cum</span> <span class='ocrx_word' id='word_1_8' title='bbox 1122 539 1184 603; x_wconf 85' lang='lat' dir='ltr'>ille</span> <span class='ocrx_word' id='word_1_9' title='bbox 1202 538 1348 605; x_wconf 86' lang='lat' dir='ltr'>exercitu</span> <span class='ocrx_word' id='word_1_10' title='bbox 1360 558 1423 605; x_wconf 90' lang='lat' dir='ltr'>suo</span> <span class='ocrx_word' id='word_1_11' title='bbox 1436 556 1562 605; x_wconf 85' lang='lat' dir='ltr'>summa</span> <span class='ocrx_word' id='word_1_12' title='bbox 1576 541 1742 605; x_wconf 89' lang='lat' dir='ltr'>celeritate</span> <span class='ocrx_word' id='word_1_13' title='bbox 1762 551 1810 607; x_wconf 91' lang='lat' dir='ltr'>est</span> <span class='ocrx_word' id='word_1_14' title='bbox 1830 542 2007 606; x_wconf 83' lang='lat' dir='ltr'>Antonium</span> <span class='ocrx_word' id='word_1_15' title='bbox 2029 561 2116 608; x_wconf 90' lang='lat' dir='ltr'>eon-</span> 
     </span>
    </p>

    <p class='ocr_par' dir='ltr' id='par_1_3' title="bbox 250 644 2117 940">
     <span class='ocr_line' id='line_1_3' title="bbox 250 644 2117 734; baseline -0.006 -11"><span class='ocrx_word' id='word_1_16' title='bbox 250 718 253 723; x_wconf 92' lang='lat'>.</span> <span class='ocrx_word' id='word_1_17' title='bbox 312 665 456 719; x_wconf 89' lang='lat' dir='ltr'>secutus.</span> <span class='ocrx_word' id='word_1_18' title='bbox 497 649 561 715; x_wconf 88' lang='lat' dir='ltr'>Hic</span> <span class='ocrx_word' id='word_1_19' title='bbox 588 670 652 734; x_wconf 86' lang='lat' dir='ltr'>ego</span> <span class='ocrx_word' id='word_1_20' title='bbox 682 648 764 729; x_wconf 90' lang='lat' dir='ltr'>quid</span> <span class='ocrx_word' id='word_1_21' title='bbox 790 646 994 730; x_wconf 85' lang='lat' dir='ltr'>praedicem,</span> <span class='ocrx_word' id='word_1_22' title='bbox 1026 645 1148 726; x_wconf 87' lang='lat' dir='ltr'>quibus</span> <span class='ocrx_word' id='word_1_23' title='bbox 1174 644 1229 707; x_wconf 91' lang='lat' dir='ltr'>bic</span> <span class='ocrx_word' id='word_1_24' title='bbox 1256 648 1356 709; x_wconf 88' lang='lat' dir='ltr'>rebus</span> <span class='ocrx_word' id='word_1_25' title='bbox 1382 648 1553 710; x_wconf 90' lang='lat' dir='ltr'>consulem</span> <span class='ocrx_word' id='word_1_26' title='bbox 1580 648 1624 709; x_wconf 88' lang='lat' dir='ltr'>ad</span> <span class='ocrx_word' id='word_1_27' title='bbox 1643 666 1714 709; x_wconf 88' lang='lat' dir='ltr'>rem</span> <span class='ocrx_word' id='word_1_28' title='bbox 1737 648 1914 730; x_wconf 80' lang='lat' dir='ltr'>gerendam</span> <span class='ocrx_word' id='word_1_29' title='bbox 1939 649 2117 712; x_wconf 71' lang='lat' dir='ltr'>excitarit?</span> 
     </span>
     <span class='ocr_line' id='line_1_4' title="bbox 314 748 2114 842; baseline -0.004 -19"><span class='ocrx_word' id='word_1_30' title='bbox 314 779 399 842; x_wconf 89' lang='lat' dir='ltr'>quos</span> <span class='ocrx_word' id='word_1_31' title='bbox 429 756 581 822; x_wconf 85' lang='lat' dir='ltr'>stimulos</span> <span class='ocrx_word' id='word_1_32' title='bbox 612 751 797 818; x_wconf 81' lang='lat' dir='ltr'>admoverit</span> <span class='ocrx_word' id='word_1_33' title='bbox 821 750 952 814; x_wconf 91' lang='lat' dir='ltr'>bomini</span> <span class='ocrx_word' id='word_1_34' title='bbox 976 749 1127 814; x_wconf 88' lang='lat' dir='ltr'>studioso</span> <span class='ocrx_word' id='word_1_35' title='bbox 1153 749 1294 813; x_wconf 85' lang='lat' dir='ltr'>fortasse</span> <span class='ocrx_word' id='word_1_36' title='bbox 1318 748 1494 831; x_wconf 79' lang='lat' dir='ltr'>victoriae,</span> <span class='ocrx_word' id='word_1_37' title='bbox 1521 759 1572 813; x_wconf 90' lang='lat' dir='ltr'>set</span> <span class='ocrx_word' id='word_1_38' title='bbox 1598 760 1708 814; x_wconf 86' lang='lat' dir='ltr'>tamen</span> <span class='ocrx_word' id='word_1_39' title='bbox 1737 751 1877 815; x_wconf 91' lang='lat' dir='ltr'>nimium</span> <span class='ocrx_word' id='word_1_40' title='bbox 1898 772 2114 817; x_wconf 87' lang='lat' dir='ltr'>communem</span> 
     </span>
     <span class='ocr_line' id='line_1_5' title="bbox 316 853 2114 940; baseline -0.003 -14"><span class='ocrx_word' id='word_1_41' title='bbox 316 868 456 927; x_wconf 89' lang='lat' dir='ltr'>Martem</span> <span class='ocrx_word' id='word_1_42' title='bbox 479 860 560 923; x_wconf 90' lang='lat' dir='ltr'>belli</span> <span class='ocrx_word' id='word_1_43' title='bbox 580 877 760 938; x_wconf 77' lang='lat' dir='ltr'>casumque</span> <span class='ocrx_word' id='word_1_44' title='bbox 779 856 965 919; x_wconf 76' lang='lat' dir='ltr'>metuenti?</span> <span class='ocrx_word' id='word_1_45' title='bbox 993 857 1149 940; x_wconf 85' lang='lat' dir='ltr'>Longum</span> <span class='ocrx_word' id='word_1_46' title='bbox 1169 865 1218 922; x_wconf 84' lang='lat' dir='ltr'>est</span> <span class='ocrx_word' id='word_1_47' title='bbox 1241 876 1280 919; x_wconf 92' lang='lat' dir='ltr'>ea</span> <span class='ocrx_word' id='word_1_48' title='bbox 1300 855 1428 936; x_wconf 84' lang='lat' dir='ltr'>dicere,</span> <span class='ocrx_word' id='word_1_49' title='bbox 1449 858 1508 917; x_wconf 89' lang='lat' dir='ltr'>sed</span> <span class='ocrx_word' id='word_1_50' title='bbox 1527 857 1593 917; x_wconf 90' lang='lat' dir='ltr'>hoc</span> <span class='ocrx_word' id='word_1_51' title='bbox 1612 853 1708 917; x_wconf 85' lang='lat' dir='ltr'>brevi</span> <span class='ocrx_word' id='word_1_52' title='bbox 1730 854 1859 921; x_wconf 87' lang='lat' dir='ltr'>dicam:</span> <span class='ocrx_word' id='word_1_53' title='bbox 1890 857 1919 920; x_wconf 87' lang='lat' dir='ltr'>si</span> <span class='ocrx_word' id='word_1_54' title='bbox 1938 861 1985 920; x_wconf 88' lang='lat' dir='ltr'>M.</span> <span class='ocrx_word' id='word_1_55' title='bbox 2000 857 2114 921; x_wconf 84' lang='lat' dir='ltr'>Petrei</span> 
     </span>
    </p>

    <p class='ocr_par' dir='ltr' id='par_1_4' title="bbox 253 957 2114 1990">
     <span class='ocr_line' id='line_1_6' title="bbox 271 957 2114 1043; baseline -0.003 -11"><span class='ocrx_word' id='word_1_56' title='bbox 271 969 292 1031; x_wconf 82' lang='lat'><em>5</em></span> <span class='ocrx_word' id='word_1_57' title='bbox 312 989 381 1031; x_wconf 90' lang='lat' dir='ltr'>non</span> <span class='ocrx_word' id='word_1_58' title='bbox 402 968 565 1030; x_wconf 85' lang='lat' dir='ltr'>excellens</span> <span class='ocrx_word' id='word_1_59' title='bbox 585 964 715 1026; x_wconf 88' lang='lat' dir='ltr'>animus</span> <span class='ocrx_word' id='word_1_60' title='bbox 735 970 767 1024; x_wconf 89' lang='lat' dir='ltr'>et</span> <span class='ocrx_word' id='word_1_61' title='bbox 788 959 953 1024; x_wconf 90' lang='lat' dir='ltr'>amorrei</span> <span class='ocrx_word' id='word_1_62' title='bbox 979 959 1151 1041; x_wconf 89' lang='lat' dir='ltr'>publicae,</span> <span class='ocrx_word' id='word_1_63' title='bbox 1177 979 1248 1023; x_wconf 89' lang='lat' dir='ltr'>non</span> <span class='ocrx_word' id='word_1_64' title='bbox 1272 969 1442 1043; x_wconf 90' lang='lat' dir='ltr'>praestans</span> <span class='ocrx_word' id='word_1_65' title='bbox 1470 959 1506 1022; x_wconf 90' lang='lat' dir='ltr'>in</span> <span class='ocrx_word' id='word_1_66' title='bbox 1526 982 1563 1023; x_wconf 87' lang='lat' dir='ltr'>re</span> <span class='ocrx_word' id='word_1_67' title='bbox 1582 959 1718 1043; x_wconf 86' lang='lat' dir='ltr'>publica</span> <span class='ocrx_word' id='word_1_68' title='bbox 1736 957 1861 1041; x_wconf 81' lang='lat' dir='ltr'>virtus,</span> <span class='ocrx_word' id='word_1_69' title='bbox 1891 981 1958 1023; x_wconf 92' lang='lat' dir='ltr'>non</span> <span class='ocrx_word' id='word_1_70' title='bbox 1978 981 2114 1026; x_wconf 85' lang='lat' dir='ltr'>summa</span> 
     </span>
     <span class='ocr_line' id='line_1_7' title="bbox 310 1063 2111 1152; baseline -0.003 -16"><span class='ocrx_word' id='word_1_71' title='bbox 310 1072 488 1137; x_wconf 72' lang='lat' dir='ltr'><strong>auctoritas</strong></span> <span class='ocrx_word' id='word_1_72' title='bbox 510 1079 590 1152; x_wconf 92' lang='lat' dir='ltr'>aput</span> <span class='ocrx_word' id='word_1_73' title='bbox 609 1068 749 1144; x_wconf 83' lang='lat' dir='ltr'>milites,</span> <span class='ocrx_word' id='word_1_74' title='bbox 781 1085 851 1129; x_wconf 88' lang='lat' dir='ltr'>non</span> <span class='ocrx_word' id='word_1_75' title='bbox 871 1063 1028 1128; x_wconf 89' lang='lat' dir='ltr'>mirificus</span> <span class='ocrx_word' id='word_1_76' title='bbox 1048 1084 1128 1128; x_wconf 90' lang='lat' dir='ltr'>usus</span> <span class='ocrx_word' id='word_1_77' title='bbox 1148 1063 1184 1126; x_wconf 93' lang='lat' dir='ltr'>iu</span> <span class='ocrx_word' id='word_1_78' title='bbox 1204 1084 1241 1126; x_wconf 90' lang='lat' dir='ltr'>re</span> <span class='ocrx_word' id='word_1_79' title='bbox 1261 1064 1396 1129; x_wconf 88' lang='lat' dir='ltr'>militari</span> <span class='ocrx_word' id='word_1_80' title='bbox 1417 1065 1592 1129; x_wconf 74' lang='lat' dir='ltr'>exstitisset</span> <span class='ocrx_word' id='word_1_81' title='bbox 1611 1085 1719 1145; x_wconf 90' lang='lat' dir='ltr'>neque</span> <span class='ocrx_word' id='word_1_82' title='bbox 1739 1065 1873 1127; x_wconf 90' lang='lat' dir='ltr'>adiutor</span> <span class='ocrx_word' id='word_1_83' title='bbox 1891 1067 1923 1127; x_wconf 91' lang='lat' dir='ltr'>ei</span> <span class='ocrx_word' id='word_1_84' title='bbox 1936 1071 1973 1129; x_wconf 88' lang='lat' dir='ltr'>P.</span> <span class='ocrx_word' id='word_1_85' title='bbox 1984 1069 2111 1131; x_wconf 83' lang='lat' dir='ltr'>Sestius</span> 
     </span>
     <span class='ocr_line' id='line_1_8' title="bbox 310 1170 2112 1254; baseline -0.002 -13"><span class='ocrx_word' id='word_1_86' title='bbox 310 1180 354 1241; x_wconf 89' lang='lat' dir='ltr'>ad</span> <span class='ocrx_word' id='word_1_87' title='bbox 374 1177 583 1240; x_wconf 85' lang='lat' dir='ltr'>excitandum</span> <span class='ocrx_word' id='word_1_88' title='bbox 603 1172 800 1254; x_wconf 88' lang='lat' dir='ltr'>Antonium,</span> <span class='ocrx_word' id='word_1_89' title='bbox 826 1173 1070 1234; x_wconf 90' lang='lat' dir='ltr'>cohortandum</span> <span class='ocrx_word' id='word_1_90' title='bbox 1091 1170 1314 1233; x_wconf 89' lang='lat' dir='ltr'>accusandum</span> <span class='ocrx_word' id='word_1_91' title='bbox 1340 1170 1580 1252; x_wconf 86' lang='lat' dir='ltr'>impellendum</span> <span class='ocrx_word' id='word_1_92' title='bbox 1599 1170 1735 1252; x_wconf 86' lang='lat' dir='ltr'>fuisset,</span> <span class='ocrx_word' id='word_1_93' title='bbox 1764 1172 1861 1233; x_wconf 88' lang='lat' dir='ltr'>datus</span> <span class='ocrx_word' id='word_1_94' title='bbox 1881 1170 1941 1232; x_wconf 92' lang='lat' dir='ltr'>illo</span> <span class='ocrx_word' id='word_1_95' title='bbox 1963 1172 1999 1233; x_wconf 92' lang='lat' dir='ltr'>in</span> <span class='ocrx_word' id='word_1_96' title='bbox 2017 1175 2112 1237; x_wconf 91' lang='lat' dir='ltr'>bello</span> 
     </span>
     <span class='ocr_line' id='line_1_9' title="bbox 311 1274 2113 1358; baseline -0.002 -11"><span class='ocrx_word' id='word_1_97' title='bbox 311 1292 397 1346; x_wconf 88' lang='lat' dir='ltr'>esset</span> <span class='ocrx_word' id='word_1_98' title='bbox 414 1281 519 1344; x_wconf 91' lang='lat' dir='ltr'>hiemi</span> <span class='ocrx_word' id='word_1_99' title='bbox 538 1282 629 1342; x_wconf 90' lang='lat' dir='ltr'>locus</span> <span class='ocrx_word' id='word_1_100' title='bbox 651 1297 761 1358; x_wconf 92' lang='lat' dir='ltr'>neque</span> <span class='ocrx_word' id='word_1_101' title='bbox 780 1296 942 1357; x_wconf 89' lang='lat' dir='ltr'>umquam</span> <span class='ocrx_word' id='word_1_102' title='bbox 962 1274 1117 1356; x_wconf 87' lang='lat' dir='ltr'>Catilina,</span> <span class='ocrx_word' id='word_1_103' title='bbox 1138 1295 1215 1337; x_wconf 88' lang='lat' dir='ltr'>curn</span> <span class='ocrx_word' id='word_1_104' title='bbox 1236 1296 1255 1338; x_wconf 88' lang='lat' dir='ltr'>e</span> <span class='ocrx_word' id='word_1_105' title='bbox 1274 1275 1396 1358; x_wconf 89' lang='lat' dir='ltr'>pruina</span> <span class='ocrx_word' id='word_1_106' title='bbox 1415 1275 1581 1356; x_wconf 79' lang='lat' dir='ltr'>Apennini</span> <span class='ocrx_word' id='word_1_107' title='bbox 1600 1284 1700 1357; x_wconf 85' lang='lat' dir='ltr'>atque</span> <span class='ocrx_word' id='word_1_108' title='bbox 1720 1297 1741 1340; x_wconf 87' lang='lat' dir='ltr'>e</span> <span class='ocrx_word' id='word_1_109' title='bbox 1762 1276 1896 1339; x_wconf 87' lang='lat' dir='ltr'>nivibus</span> <span class='ocrx_word' id='word_1_110' title='bbox 1916 1276 1984 1339; x_wconf 87' lang='lat' dir='ltr'>illis</span> <span class='ocrx_word' id='word_1_111' title='bbox 2004 1299 2113 1344; x_wconf 89' lang='lat' dir='ltr'>emer·</span> 
     </span>
     <span class='ocr_line' id='line_1_10' title="bbox 310 1378 2113 1466; baseline -0.002 -17"><span class='ocrx_word' id='word_1_112' title='bbox 310 1387 405 1450; x_wconf 83' lang='lat' dir='ltr'>sisset</span> <span class='ocrx_word' id='word_1_113' title='bbox 425 1394 525 1464; x_wconf 89' lang='lat' dir='ltr'>atque</span> <span class='ocrx_word' id='word_1_114' title='bbox 544 1392 701 1446; x_wconf 80' lang='lat' dir='ltr'>aestatem</span> <span class='ocrx_word' id='word_1_115' title='bbox 720 1381 883 1466; x_wconf 82' lang='lat' dir='ltr'>integram</span> <span class='ocrx_word' id='word_1_116' title='bbox 903 1391 1018 1444; x_wconf 88' lang='lat' dir='ltr'>nactus</span> <span class='ocrx_word' id='word_1_117' title='bbox 1038 1379 1153 1442; x_wconf 89' lang='lat' dir='ltr'>italiae</span> <span class='ocrx_word' id='word_1_118' title='bbox 1179 1378 1271 1442; x_wconf 88' lang='lat' dir='ltr'>callis</span> <span class='ocrx_word' id='word_1_119' title='bbox 1300 1387 1335 1442; x_wconf 91' lang='lat' dir='ltr'>et</span> <span class='ocrx_word' id='word_1_120' title='bbox 1351 1388 1523 1460; x_wconf 90' lang='lat' dir='ltr'>pastorum</span> <span class='ocrx_word' id='word_1_121' title='bbox 1542 1382 1674 1444; x_wconf 87' lang='lat' dir='ltr'>stabula</span> <span class='ocrx_word' id='word_1_122' title='bbox 1696 1386 1731 1459; x_wconf 61' lang='grc' dir='ltr'>ᾧ</span> <span class='ocrx_word' id='word_1_123' title='bbox 1754 1381 1908 1463; x_wconf 86' lang='lat' dir='ltr'>praedari</span> <span class='ocrx_word' id='word_1_124' title='bbox 1928 1382 2113 1465; x_wconf 88' lang='lat' dir='ltr'>coepisset,</span> 
     </span>
     <span class='ocr_line' id='line_1_11' title="bbox 253 1482 2113 1572; baseline -0.003 -14"><span class='ocrx_word' id='word_1_125' title='bbox 253 1493 293 1558; x_wconf 91' lang='grc'>10</span> <span class='ocrx_word' id='word_1_126' title='bbox 311 1491 383 1554; x_wconf 90' lang='lat' dir='ltr'>sine</span> <span class='ocrx_word' id='word_1_127' title='bbox 396 1491 504 1550; x_wconf 89' lang='lat' dir='ltr'>multo</span> <span class='ocrx_word' id='word_1_128' title='bbox 516 1487 730 1571; x_wconf 80' lang='lat' dir='ltr'>sanguineae</span> <span class='ocrx_word' id='word_1_129' title='bbox 742 1487 815 1549; x_wconf 89' lang='lat' dir='ltr'>sine</span> <span class='ocrx_word' id='word_1_130' title='bbox 828 1485 926 1551; x_wconf 88' lang='lat' dir='ltr'>totius</span> <span class='ocrx_word' id='word_1_131' title='bbox 939 1485 1053 1548; x_wconf 88' lang='lat' dir='ltr'>italiae</span> <span class='ocrx_word' id='word_1_132' title='bbox 1065 1487 1216 1547; x_wconf 74' lang='lat' dir='ltr'>vastitate</span> <span class='ocrx_word' id='word_1_133' title='bbox 1230 1482 1414 1546; x_wconf 87' lang='lat' dir='ltr'>miserrima</span> <span class='ocrx_word' id='word_1_134' title='bbox 1428 1483 1637 1550; x_wconf 84' lang='lat' dir='ltr'>concidisset.</span> <span class='ocrx_word' id='word_1_135' title='bbox 1670 1493 1718 1555; x_wconf 75' lang='grc' dir='ltr'><strong>ιδ.</strong></span> <span class='ocrx_word' id='word_1_136' title='bbox 1737 1489 1835 1551; x_wconf 86' lang='lat' dir='ltr'>Hunc</span> <span class='ocrx_word' id='word_1_137' title='bbox 1847 1487 1949 1572; x_wconf 85' lang='lat' dir='ltr'>igitur</span> <span class='ocrx_word' id='word_1_138' title='bbox 1961 1489 2113 1552; x_wconf 84' lang='lat' dir='ltr'>animum</span> 
     </span>
     <span class='ocr_line' id='line_1_12' title="bbox 310 1588 2112 1672; baseline 0 -17"><span class='ocrx_word' id='word_1_139' title='bbox 310 1597 355 1655; x_wconf 90' lang='lat' dir='ltr'>ad</span> <span class='ocrx_word' id='word_1_140' title='bbox 374 1590 579 1654; x_wconf 90' lang='lat' dir='ltr'>tribunatum</span> <span class='ocrx_word' id='word_1_141' title='bbox 598 1588 707 1655; x_wconf 89' lang='lat' dir='ltr'>attulit</span> <span class='ocrx_word' id='word_1_142' title='bbox 727 1595 765 1655; x_wconf 90' lang='lat' dir='ltr'>P.</span> <span class='ocrx_word' id='word_1_143' title='bbox 785 1591 927 1654; x_wconf 85' lang='lat' dir='ltr'>Sestius:</span> <span class='ocrx_word' id='word_1_144' title='bbox 948 1624 988 1638; x_wconf 94' lang='lat'>—</span> <span class='ocrx_word' id='word_1_145' title='bbox 1007 1599 1044 1652; x_wconf 91' lang='lat' dir='ltr'>ut</span> <span class='ocrx_word' id='word_1_146' title='bbox 1062 1597 1275 1669; x_wconf 84' lang='lat' dir='ltr'>quaesturam</span> <span class='ocrx_word' id='word_1_147' title='bbox 1296 1588 1510 1652; x_wconf 85' lang='lat' dir='ltr'>Macedoniae</span> <span class='ocrx_word' id='word_1_148' title='bbox 1529 1589 1717 1669; x_wconf 86' lang='lat' dir='ltr'>relinquam</span> <span class='ocrx_word' id='word_1_149' title='bbox 1732 1592 1958 1672; x_wconf 89' lang='lat' dir='ltr'>etaliquando</span> <span class='ocrx_word' id='word_1_150' title='bbox 1972 1595 2112 1657; x_wconf 89' lang='lat' dir='ltr'>adhaec</span> 
     </span>
     <span class='ocr_line' id='line_1_13' title="bbox 308 1693 2112 1780; baseline 0.002 -23"><span class='ocrx_word' id='word_1_151' title='bbox 308 1695 470 1778; x_wconf 88' lang='lat' dir='ltr'>propiora</span> <span class='ocrx_word' id='word_1_152' title='bbox 489 1695 642 1776; x_wconf 80' lang='lat' dir='ltr'>reniam3</span> <span class='ocrx_word' id='word_1_153' title='bbox 672 1716 876 1777; x_wconf 88' lang='lat' dir='ltr'>quamquam</span> <span class='ocrx_word' id='word_1_154' title='bbox 905 1714 975 1758; x_wconf 91' lang='lat' dir='ltr'>non</span> <span class='ocrx_word' id='word_1_155' title='bbox 996 1703 1045 1759; x_wconf 87' lang='lat' dir='ltr'>est</span> <span class='ocrx_word' id='word_1_156' title='bbox 1065 1693 1248 1757; x_wconf 88' lang='lat' dir='ltr'>omittenda</span> <span class='ocrx_word' id='word_1_157' title='bbox 1267 1693 1443 1779; x_wconf 86' lang='lat' dir='ltr'>singularis</span> <span class='ocrx_word' id='word_1_158' title='bbox 1464 1694 1521 1756; x_wconf 88' lang='lat' dir='ltr'>illa</span> <span class='ocrx_word' id='word_1_159' title='bbox 1540 1694 1709 1780; x_wconf 81' lang='lat' dir='ltr'>integritas</span> <span class='ocrx_word' id='word_1_160' title='bbox 1729 1697 1964 1780; x_wconf 85' lang='lat' dir='ltr'>provincialis,</span> <span class='ocrx_word' id='word_1_161' title='bbox 1988 1697 2112 1778; x_wconf 88' lang='lat' dir='ltr'>quoius</span> 
     </span>
     <span class='ocr_line' id='line_1_14' title="bbox 309 1792 2111 1886; baseline 0.002 -24"><span class='ocrx_word' id='word_1_162' title='bbox 309 1820 373 1885; x_wconf 82' lang='lat' dir='ltr'>ego</span> <span class='ocrx_word' id='word_1_163' title='bbox 394 1821 502 1884; x_wconf 88' lang='lat' dir='ltr'>nuper</span> <span class='ocrx_word' id='word_1_164' title='bbox 520 1801 557 1862; x_wconf 90' lang='lat' dir='ltr'>in</span> <span class='ocrx_word' id='word_1_165' title='bbox 577 1803 774 1865; x_wconf 88' lang='lat' dir='ltr'>Macedonia</span> <span class='ocrx_word' id='word_1_166' title='bbox 793 1802 864 1864; x_wconf 83' lang='lat' dir='ltr'>vidi</span> <span class='ocrx_word' id='word_1_167' title='bbox 885 1801 1023 1886; x_wconf 84' lang='lat' dir='ltr'>vestigia</span> <span class='ocrx_word' id='word_1_168' title='bbox 1049 1819 1120 1862; x_wconf 90' lang='lat' dir='ltr'>non</span> <span class='ocrx_word' id='word_1_169' title='bbox 1144 1819 1260 1883; x_wconf 88' lang='lat' dir='ltr'>pressa</span> <span class='ocrx_word' id='word_1_170' title='bbox 1284 1797 1402 1861; x_wconf 87' lang='lat' dir='ltr'>leviter</span> <span class='ocrx_word' id='word_1_171' title='bbox 1427 1801 1471 1860; x_wconf 91' lang='lat' dir='ltr'>ad</span> <span class='ocrx_word' id='word_1_172' title='bbox 1495 1799 1608 1884; x_wconf 82' lang='lat' dir='ltr'>exigui</span> <span class='ocrx_word' id='word_1_173' title='bbox 1627 1801 1910 1883; x_wconf 88' lang='lat' dir='ltr'>praedicationem</span> <span class='ocrx_word' id='word_1_174' title='bbox 1931 1792 2111 1885; x_wconf 87' lang='lat' dir='ltr'>temporis,</span> 
     </span>
     <span class='ocr_line' id='line_1_15' title="bbox 308 1903 2112 1990; baseline 0.002 -24"><span class='ocrx_word' id='word_1_175' title='bbox 308 1905 368 1966; x_wconf 88' lang='lat' dir='ltr'>sed</span> <span class='ocrx_word' id='word_1_176' title='bbox 386 1903 453 1967; x_wconf 86' lang='lat' dir='ltr'>fixa</span> <span class='ocrx_word' id='word_1_177' title='bbox 472 1907 516 1968; x_wconf 91' lang='lat' dir='ltr'>ad</span> <span class='ocrx_word' id='word_1_178' title='bbox 534 1908 730 1970; x_wconf 90' lang='lat' dir='ltr'>memoriam</span> <span class='ocrx_word' id='word_1_179' title='bbox 749 1907 839 1970; x_wconf 90' lang='lat' dir='ltr'>illius</span> <span class='ocrx_word' id='word_1_180' title='bbox 859 1907 1050 1990; x_wconf 83' lang='lat' dir='ltr'>provinciae</span> <span class='ocrx_word' id='word_1_181' title='bbox 1068 1907 1323 1989; x_wconf 81' lang='lat' dir='ltr'>sempiternam:</span> <span class='ocrx_word' id='word_1_182' title='bbox 1352 1923 1469 1967; x_wconf 82' lang='lat' dir='ltr'>rerum</span> <span class='ocrx_word' id='word_1_183' title='bbox 1499 1908 1581 1971; x_wconf 87' lang='lat' dir='ltr'>baec</span> <span class='ocrx_word' id='word_1_184' title='bbox 1609 1904 1655 1970; x_wconf 87' lang='lat' dir='ltr'>ita</span> <span class='ocrx_word' id='word_1_185' title='bbox 1673 1917 1933 1990; x_wconf 85' lang='lat' dir='ltr'>praetereamus,</span> <span class='ocrx_word' id='word_1_186' title='bbox 1950 1917 1987 1970; x_wconf 93' lang='lat' dir='ltr'>ut</span> <span class='ocrx_word' id='word_1_187' title='bbox 2000 1919 2112 1970; x_wconf 83' lang='lat' dir='ltr'>tamen</span> 
     </span>
    </p>
   </div>
   <div class='ocr_carea' id='block_1_3' title="bbox 252 2005 2113 2203">
    <p class='ocr_par' dir='ltr' id='par_1_5' title="bbox 252 2005 2113 2203">
     <span class='ocr_line' id='line_1_16' title="bbox 252 2005 2018 2094; baseline 0.007 -24"><span class='ocrx_word' id='word_1_188' title='bbox 252 2005 292 2070; x_wconf 84' lang='lat'>15</span> <span class='ocrx_word' id='word_1_189' title='bbox 310 2008 476 2073; x_wconf 88' lang='lat' dir='ltr'>intuentes</span> <span class='ocrx_word' id='word_1_190' title='bbox 496 2018 529 2072; x_wconf 91' lang='lat' dir='ltr'>et</span> <span class='ocrx_word' id='word_1_191' title='bbox 547 2021 768 2094; x_wconf 87' lang='lat' dir='ltr'>respectantes</span> <span class='ocrx_word' id='word_1_192' title='bbox 789 2012 1029 2093; x_wconf 84' lang='lat' dir='ltr'>relinquamus.</span> <span class='ocrx_word' id='word_1_193' title='bbox 1050 2045 1093 2060; x_wconf 90' lang='lat'>-</span> <span class='ocrx_word' id='word_1_194' title='bbox 2002 2057 2018 2073; x_wconf 45' lang='grc' dir='ltr'><strong>κ</strong></span> 
     </span>
     <span class='ocr_line' id='line_1_17' title="bbox 388 2107 2113 2203; baseline -0.003 -23"><span class='ocrx_word' id='word_1_195' title='bbox 388 2115 447 2180; x_wconf 88' lang='lat' dir='ltr'>VI.</span> <span class='ocrx_word' id='word_1_196' title='bbox 488 2119 540 2177; x_wconf 91' lang='lat' dir='ltr'>Ad</span> <span class='ocrx_word' id='word_1_197' title='bbox 560 2118 786 2202; x_wconf 87' lang='lat' dir='ltr'>tribunatum,</span> <span class='ocrx_word' id='word_1_198' title='bbox 813 2120 873 2201; x_wconf 91' lang='lat' dir='ltr'>qui</span> <span class='ocrx_word' id='word_1_199' title='bbox 890 2119 964 2203; x_wconf 88' lang='lat' dir='ltr'>ipse</span> <span class='ocrx_word' id='word_1_200' title='bbox 982 2121 1027 2181; x_wconf 88' lang='lat' dir='ltr'>ad</span> <span class='ocrx_word' id='word_1_201' title='bbox 1045 2136 1118 2178; x_wconf 83' lang='lat' dir='ltr'>sese</span> <span class='ocrx_word' id='word_1_202' title='bbox 1138 2117 1203 2166; x_wconf 75' lang='lat' dir='ltr'>im</span> <span class='ocrx_word' id='word_1_203' title='bbox 1225 2115 1352 2179; x_wconf 76' lang='lat' dir='ltr'>dudum</span> <span class='ocrx_word' id='word_1_204' title='bbox 1372 2114 1469 2167; x_wconf 79' lang='lat' dir='ltr'>vocat</span> <span class='ocrx_word' id='word_1_205' title='bbox 1489 2113 1520 2168; x_wconf 92' lang='lat' dir='ltr'>et</span> <span class='ocrx_word' id='word_1_206' title='bbox 1542 2107 1792 2186; x_wconf 88' lang='lat' dir='ltr'>quodammodo</span> <span class='ocrx_word' id='word_1_207' title='bbox 1813 2111 1968 2174; x_wconf 90' lang='lat' dir='ltr'>absorbet</span> <span class='ocrx_word' id='word_1_208' title='bbox 1988 2114 2113 2175; x_wconf 89' lang='lat' dir='ltr'>oratio-</span> 
     </span>
    </p>
   </div>
   <div class='ocr_carea' id='block_1_4' title="bbox 249 2206 2111 2928">
    <p class='ocr_par' dir='ltr' id='par_1_6' title="bbox 249 2206 2111 2928">
     <span class='ocr_line' id='line_1_18' title="bbox 306 2206 2106 2300; baseline 0 -20"><span class='ocrx_word' id='word_1_209' title='bbox 306 2240 384 2282; x_wconf 90' lang='lat' dir='ltr'>nem</span> <span class='ocrx_word' id='word_1_210' title='bbox 404 2242 529 2300; x_wconf 88' lang='lat' dir='ltr'>rueam,</span> <span class='ocrx_word' id='word_1_211' title='bbox 548 2234 704 2284; x_wconf 80' lang='lat' dir='ltr'>contento</span> <span class='ocrx_word' id='word_1_212' title='bbox 724 2224 835 2273; x_wconf 65' lang='lat' dir='ltr'>eructu</span> <span class='ocrx_word' id='word_1_213' title='bbox 857 2230 1023 2288; x_wconf 77' lang='lat' dir='ltr'>cursuque</span> <span class='ocrx_word' id='word_1_214' title='bbox 1034 2206 1216 2272; x_wconf 80' lang='lat' dir='ltr'>veniamus.</span> <span class='ocrx_word' id='word_1_215' title='bbox 1260 2231 1308 2290; x_wconf 79' lang='lat'>14.</span> <span class='ocrx_word' id='word_1_216' title='bbox 1328 2210 1460 2288; x_wconf 87' lang='lat' dir='ltr'>Deque</span> <span class='ocrx_word' id='word_1_217' title='bbox 1475 2210 1610 2289; x_wconf 88' lang='lat' dir='ltr'>quidem</span> <span class='ocrx_word' id='word_1_218' title='bbox 1624 2211 1791 2274; x_wconf 89' lang='lat' dir='ltr'>tribunatu</span> <span class='ocrx_word' id='word_1_219' title='bbox 1805 2213 1850 2276; x_wconf 91' lang='lat' dir='ltr'>ita</span> <span class='ocrx_word' id='word_1_220' title='bbox 1864 2214 2106 2300; x_wconf 79' lang='lat' dir='ltr'>dictumstaQ.</span> 
     </span>
     <span class='ocr_line' id='line_1_19' title="bbox 307 2310 2108 2400; baseline 0.003 -22"><span class='ocrx_word' id='word_1_221' title='bbox 307 2319 511 2398; x_wconf 80' lang='lat' dir='ltr'>Hortensio,</span> <span class='ocrx_word' id='word_1_222' title='bbox 540 2324 578 2376; x_wconf 90' lang='lat' dir='ltr'>ut</span> <span class='ocrx_word' id='word_1_223' title='bbox 607 2316 677 2377; x_wconf 91' lang='lat' dir='ltr'>eius</span> <span class='ocrx_word' id='word_1_224' title='bbox 704 2313 812 2378; x_wconf 88' lang='lat' dir='ltr'>oratio</span> <span class='ocrx_word' id='word_1_225' title='bbox 840 2332 911 2375; x_wconf 91' lang='lat' dir='ltr'>non</span> <span class='ocrx_word' id='word_1_226' title='bbox 939 2310 1168 2375; x_wconf 82' lang='lat' dir='ltr'>defensionem</span> <span class='ocrx_word' id='word_1_227' title='bbox 1188 2316 1298 2377; x_wconf 86' lang='lat' dir='ltr'>¹modo</span> <span class='ocrx_word' id='word_1_228' title='bbox 1326 2313 1495 2377; x_wconf 84' lang='lat' dir='ltr'>videretur</span> <span class='ocrx_word' id='word_1_229' title='bbox 1515 2315 1690 2378; x_wconf 88' lang='lat' dir='ltr'>criminum</span> <span class='ocrx_word' id='word_1_230' title='bbox 1710 2317 1899 2400; x_wconf 90' lang='lat' dir='ltr'>continere,</span> <span class='ocrx_word' id='word_1_231' title='bbox 1929 2329 1978 2383; x_wconf 90' lang='lat' dir='ltr'>set</span> <span class='ocrx_word' id='word_1_232' title='bbox 2008 2319 2108 2383; x_wconf 86' lang='lat' dir='ltr'>etiam</span> 
     </span>
     <span class='ocr_line' id='line_1_20' title="bbox 307 2416 2105 2506; baseline 0.002 -21"><span class='ocrx_word' id='word_1_233' title='bbox 307 2421 470 2485; x_wconf 79' lang='lat' dir='ltr'>memoria</span> <span class='ocrx_word' id='word_1_234' title='bbox 490 2421 625 2506; x_wconf 82' lang='lat' dir='ltr'>dignam</span> <span class='ocrx_word' id='word_1_235' title='bbox 647 2416 810 2482; x_wconf 81' lang='lat' dir='ltr'>iuventuti</span> <span class='ocrx_word' id='word_1_236' title='bbox 833 2418 883 2481; x_wconf 91' lang='lat' dir='ltr'>rei</span> <span class='ocrx_word' id='word_1_237' title='bbox 908 2416 1061 2500; x_wconf 85' lang='lat' dir='ltr'>publicae</span> <span class='ocrx_word' id='word_1_238' title='bbox 1089 2421 1309 2499; x_wconf 80' lang='lat' dir='ltr'>capessendae</span> <span class='ocrx_word' id='word_1_239' title='bbox 1328 2419 1556 2484; x_wconf 89' lang='lat' dir='ltr'>auctoritatem</span> <span class='ocrx_word' id='word_1_240' title='bbox 1575 2421 1852 2504; x_wconf 88' lang='lat' dir='ltr'>disciplinamque</span> <span class='ocrx_word' id='word_1_241' title='bbox 1870 2425 2105 2504; x_wconf 78' lang='lat' dir='ltr'>praescribere.</span> 
     </span>
     <span class='ocr_line' id='line_1_21' title="bbox 249 2522 2111 2609; baseline -0.001 -18"><span class='ocrx_word' id='word_1_242' title='bbox 249 2535 292 2600; x_wconf 71' lang='lat'>20</span> <span class='ocrx_word' id='word_1_243' title='bbox 310 2529 364 2591; x_wconf 83' lang='lat' dir='ltr'>Set</span> <span class='ocrx_word' id='word_1_244' title='bbox 385 2537 513 2607; x_wconf 88' lang='lat' dir='ltr'>tamen,</span> <span class='ocrx_word' id='word_1_245' title='bbox 545 2526 704 2607; x_wconf 90' lang='lat' dir='ltr'>quoniam</span> <span class='ocrx_word' id='word_1_246' title='bbox 735 2523 921 2586; x_wconf 86' lang='lat' dir='ltr'>tribunatus</span> <span class='ocrx_word' id='word_1_247' title='bbox 944 2532 1032 2585; x_wconf 91' lang='lat' dir='ltr'>totus</span> <span class='ocrx_word' id='word_1_248' title='bbox 1052 2524 1092 2582; x_wconf 88' lang='lat' dir='ltr'>P.</span> <span class='ocrx_word' id='word_1_249' title='bbox 1113 2522 1196 2583; x_wconf 84' lang='lat' dir='ltr'>Sesti</span> <span class='ocrx_word' id='word_1_250' title='bbox 1215 2522 1300 2582; x_wconf 90' lang='lat' dir='ltr'>nihil</span> <span class='ocrx_word' id='word_1_251' title='bbox 1319 2523 1411 2584; x_wconf 90' lang='lat' dir='ltr'>aliud</span> <span class='ocrx_word' id='word_1_252' title='bbox 1429 2524 1494 2586; x_wconf 89' lang='lat' dir='ltr'>nisi</span> <span class='ocrx_word' id='word_1_253' title='bbox 1516 2544 1628 2588; x_wconf 89' lang='lat' dir='ltr'>meum</span> <span class='ocrx_word' id='word_1_254' title='bbox 1647 2546 1772 2590; x_wconf 88' lang='lat' dir='ltr'>nomen</span> <span class='ocrx_word' id='word_1_255' title='bbox 1793 2548 1992 2609; x_wconf 74' lang='lat' dir='ltr'>mutamque</span> <span class='ocrx_word' id='word_1_256' title='bbox 2012 2528 2111 2593; x_wconf 85' lang='lat' dir='ltr'>susti·</span> 
     </span>
     <span class='ocr_line' id='line_1_22' title="bbox 307 2623 2108 2715; baseline 0 -18"><span class='ocrx_word' id='word_1_257' title='bbox 307 2634 399 2714; x_wconf 88' lang='lat' dir='ltr'>nuit,</span> <span class='ocrx_word' id='word_1_258' title='bbox 428 2631 614 2697; x_wconf 88' lang='lat' dir='ltr'>necessario</span> <span class='ocrx_word' id='word_1_259' title='bbox 635 2631 718 2693; x_wconf 91' lang='lat' dir='ltr'>mihi</span> <span class='ocrx_word' id='word_1_260' title='bbox 737 2632 780 2691; x_wconf 89' lang='lat' dir='ltr'>de</span> <span class='ocrx_word' id='word_1_261' title='bbox 800 2628 918 2690; x_wconf 88' lang='lat' dir='ltr'>iisdem</span> <span class='ocrx_word' id='word_1_262' title='bbox 938 2627 1038 2686; x_wconf 90' lang='lat' dir='ltr'>rebus</span> <span class='ocrx_word' id='word_1_263' title='bbox 1058 2641 1130 2686; x_wconf 87' lang='lat' dir='ltr'>esse</span> <span class='ocrx_word' id='word_1_264' title='bbox 1151 2623 1313 2703; x_wconf 88' lang='lat' dir='ltr'>arbitror,</span> <span class='ocrx_word' id='word_1_265' title='bbox 1341 2624 1373 2688; x_wconf 86' lang='lat' dir='ltr'>ai</span> <span class='ocrx_word' id='word_1_266' title='bbox 1399 2644 1470 2688; x_wconf 88' lang='lat' dir='ltr'>uon</span> <span class='ocrx_word' id='word_1_267' title='bbox 1489 2629 1644 2692; x_wconf 90' lang='lat' dir='ltr'>subtilius</span> <span class='ocrx_word' id='word_1_268' title='bbox 1664 2629 1920 2715; x_wconf 85' lang='lat' dir='ltr'>disputandum,</span> <span class='ocrx_word' id='word_1_269' title='bbox 1946 2642 1979 2694; x_wconf 94' lang='lat' dir='ltr'>at</span> <span class='ocrx_word' id='word_1_270' title='bbox 1999 2643 2108 2713; x_wconf 88' lang='lat' dir='ltr'>certe,</span> 
     </span>
     <span class='ocr_line' id='line_1_23' title="bbox 307 2727 2107 2820; baseline -0.001 -17"><span class='ocrx_word' id='word_1_271' title='bbox 307 2740 452 2820; x_wconf 87' lang='lat' dir='ltr'>iudices,</span> <span class='ocrx_word' id='word_1_272' title='bbox 472 2736 638 2802; x_wconf 88' lang='lat' dir='ltr'>dolentius</span> <span class='ocrx_word' id='word_1_273' title='bbox 660 2733 914 2815; x_wconf 87' lang='lat' dir='ltr'>deplorandum.</span> <span class='ocrx_word' id='word_1_274' title='bbox 955 2731 1029 2812; x_wconf 81' lang='lat' dir='ltr'>Qua</span> <span class='ocrx_word' id='word_1_275' title='bbox 1046 2727 1083 2791; x_wconf 90' lang='lat' dir='ltr'>iu</span> <span class='ocrx_word' id='word_1_276' title='bbox 1103 2727 1255 2792; x_wconf 88' lang='lat' dir='ltr'>oratione</span> <span class='ocrx_word' id='word_1_277' title='bbox 1272 2728 1304 2793; x_wconf 88' lang='lat' dir='ltr'>ai</span> <span class='ocrx_word' id='word_1_278' title='bbox 1322 2729 1471 2812; x_wconf 87' lang='lat' dir='ltr'>asperius</span> <span class='ocrx_word' id='word_1_279' title='bbox 1490 2731 1526 2792; x_wconf 89' lang='lat' dir='ltr'>in</span> <span class='ocrx_word' id='word_1_280' title='bbox 1546 2735 1711 2811; x_wconf 86' lang='lat' dir='ltr'>quosdam</span> <span class='ocrx_word' id='word_1_281' title='bbox 1730 2737 1883 2795; x_wconf 86' lang='lat' dir='ltr'>homines</span> <span class='ocrx_word' id='word_1_282' title='bbox 1903 2737 2016 2798; x_wconf 87' lang='lat' dir='ltr'>invehi</span> <span class='ocrx_word' id='word_1_283' title='bbox 2036 2741 2107 2801; x_wconf 83' lang='lat' dir='ltr'>rel·</span> 
     </span>
     <span class='ocr_line' id='line_1_24' title="bbox 305 2833 2107 2928; baseline -0.001 -22"><span class='ocrx_word' id='word_1_284' title='bbox 305 2845 389 2926; x_wconf 88' lang='lat' dir='ltr'>lem,</span> <span class='ocrx_word' id='word_1_285' title='bbox 412 2844 487 2926; x_wconf 92' lang='lat' dir='ltr'>quis</span> <span class='ocrx_word' id='word_1_286' title='bbox 507 2863 578 2907; x_wconf 88' lang='lat' dir='ltr'>non</span> <span class='ocrx_word' id='word_1_287' title='bbox 597 2839 810 2918; x_wconf 87' lang='lat' dir='ltr'>concederet,</span> <span class='ocrx_word' id='word_1_288' title='bbox 830 2843 868 2896; x_wconf 92' lang='lat' dir='ltr'>nt</span> <span class='ocrx_word' id='word_1_289' title='bbox 889 2853 1134 2928; x_wconf 30' lang='lat' dir='ltr'>eos‚·quorum</span> <span class='ocrx_word' id='word_1_290' title='bbox 1154 2833 1288 2900; x_wconf 87' lang='lat' dir='ltr'>sceleris</span> <span class='ocrx_word' id='word_1_291' title='bbox 1307 2835 1422 2899; x_wconf 82' lang='lat' dir='ltr'>iuror&#39;e</span> <span class='ocrx_word' id='word_1_292' title='bbox 1442 2835 1585 2900; x_wconf 78' lang='lat' dir='ltr'>violatus</span> <span class='ocrx_word' id='word_1_293' title='bbox 1604 2854 1734 2918; x_wconf 78' lang='lat' dir='ltr'>essem,</span> <span class='ocrx_word' id='word_1_294' title='bbox 1746 2836 1839 2900; x_wconf 79' lang='lat' dir='ltr'>vocis</span> <span class='ocrx_word' id='word_1_295' title='bbox 1859 2837 2012 2903; x_wconf 87' lang='lat' dir='ltr'>libertate</span> <span class='ocrx_word' id='word_1_296' title='bbox 2031 2860 2107 2922; x_wconf 90' lang='lat' dir='ltr'>per-</span> 
     </span>
    </p>
   </div>
   <div class='ocr_carea' id='block_1_5' title="bbox 302 3133 2106 3635">
    <p class='ocr_par' dir='ltr' id='par_1_7' title="bbox 302 3133 2106 3635">
     <span class='ocr_line' id='line_1_25' title="bbox 374 3133 2106 3207; baseline 0.001 -15"><span class='ocrx_word' id='word_1_297' title='bbox 374 3138 458 3192; x_wconf 69' lang='lat' dir='ltr'>ERN.</span> <span class='ocrx_word' id='word_1_298' title='bbox 495 3141 519 3197; x_wconf 87' lang='lat'>1.</span> <span class='ocrx_word' id='word_1_299' title='bbox 537 3157 584 3191; x_wconf 84' lang='lat' dir='ltr'>suo</span> <span class='ocrx_word' id='word_1_300' title='bbox 600 3140 715 3190; x_wconf 81' lang='lat' dir='ltr'>exereitn</span> <span class='ocrx_word' id='word_1_301' title='bbox 729 3133 857 3203; x_wconf 66' lang='lat' dir='ltr'>(amna</span> <span class='ocrx_word' id='word_1_302' title='bbox 873 3153 920 3186; x_wconf 81' lang='lat' dir='ltr'>sun</span> <span class='ocrx_word' id='word_1_303' title='bbox 938 3137 981 3199; x_wconf 91' lang='lat' dir='ltr'>A.)</span> <span class='ocrx_word' id='word_1_304' title='bbox 1011 3137 1036 3191; x_wconf 79' lang='lat'>3.</span> <span class='ocrx_word' id='word_1_305' title='bbox 1053 3148 1117 3206; x_wconf 83' lang='lat' dir='ltr'>quot</span> <span class='ocrx_word' id='word_1_306' title='bbox 1135 3133 1209 3190; x_wconf 87' lang='lat' dir='ltr'>ibid.</span> <span class='ocrx_word' id='word_1_307' title='bbox 1218 3136 1346 3205; x_wconf 77' lang='lat' dir='ltr'>fortassis</span> <span class='ocrx_word' id='word_1_308' title='bbox 1380 3135 1408 3189; x_wconf 79' lang='lat' dir='ltr'>i.</span> <span class='ocrx_word' id='word_1_309' title='bbox 1425 3135 1543 3189; x_wconf 82' lang='lat' dir='ltr'>Martem</span> <span class='ocrx_word' id='word_1_310' title='bbox 1558 3135 1994 3207; x_wconf 77' lang='lat' dir='ltr'>belliqueeasum(Msrtembelli</span> <span class='ocrx_word' id='word_1_311' title='bbox 2005 3158 2106 3194; x_wconf 81' lang='lat' dir='ltr'>earum-</span> 
     </span>
     <span class='ocr_line' id='line_1_26' title="bbox 304 3219 2104 3300; baseline -0.001 -21"><span class='ocrx_word' id='word_1_312' title='bbox 304 3245 355 3300; x_wconf 83' lang='lat' dir='ltr'>que</span> <span class='ocrx_word' id='word_1_313' title='bbox 373 3227 421 3290; x_wconf 83' lang='lat' dir='ltr'>A.)</span> <span class='ocrx_word' id='word_1_314' title='bbox 439 3225 511 3280; x_wconf 87' lang='lat' dir='ltr'>ibid.</span> <span class='ocrx_word' id='word_1_315' title='bbox 529 3226 604 3276; x_wconf 84' lang='lat' dir='ltr'>breue</span> <span class='ocrx_word' id='word_1_316' title='bbox 630 3223 655 3279; x_wconf 82' lang='lat'>5.</span> <span class='ocrx_word' id='word_1_317' title='bbox 675 3240 727 3274; x_wconf 83' lang='lat' dir='ltr'>non</span> <span class='ocrx_word' id='word_1_318' title='bbox 738 3223 864 3274; x_wconf 67' lang='lat' dir='ltr'>assitens</span> <span class='ocrx_word' id='word_1_319' title='bbox 880 3225 966 3272; x_wconf 82' lang='lat' dir='ltr'>animo</span> <span class='ocrx_word' id='word_1_320' title='bbox 977 3234 1002 3273; x_wconf 86' lang='lat' dir='ltr'>et</span> <span class='ocrx_word' id='word_1_321' title='bbox 1012 3239 1099 3273; x_wconf 85' lang='lat' dir='ltr'>amore</span> <span class='ocrx_word' id='word_1_322' title='bbox 1109 3225 1173 3292; x_wconf 84' lang='lat' dir='ltr'>reip.</span> <span class='ocrx_word' id='word_1_323' title='bbox 1208 3219 1233 3273; x_wconf 89' lang='grc'>7.</span> <span class='ocrx_word' id='word_1_324' title='bbox 1253 3221 1424 3272; x_wconf 72' lang='lat' dir='ltr'>cremandum</span> <span class='ocrx_word' id='word_1_325' title='bbox 1443 3238 1496 3273; x_wconf 85' lang='lat' dir='ltr'>ont.</span> <span class='ocrx_word' id='word_1_326' title='bbox 1531 3221 1557 3274; x_wconf 96' lang='grc'>9.</span> <span class='ocrx_word' id='word_1_327' title='bbox 1575 3222 1641 3273; x_wconf 79' lang='lat' dir='ltr'>stab.</span> <span class='ocrx_word' id='word_1_328' title='bbox 1657 3223 1794 3292; x_wconf 84' lang='lat' dir='ltr'>praeclara</span> <span class='ocrx_word' id='word_1_329' title='bbox 1821 3229 1927 3292; x_wconf 82' lang='lat' dir='ltr'>cepisset</span> <span class='ocrx_word' id='word_1_330' title='bbox 1961 3225 2004 3279; x_wconf 84' lang='lat'>16.</span> <span class='ocrx_word' id='word_1_331' title='bbox 2020 3233 2104 3298; x_wconf 83' lang='lat' dir='ltr'>quia,</span> 
     </span>
     <span class='ocr_line' id='line_1_27' title="bbox 302 3304 2103 3386; baseline -0.003 -19"><span class='ocrx_word' id='word_1_332' title='bbox 302 3310 365 3386; x_wconf 84' lang='lat' dir='ltr'>(qui</span> <span class='ocrx_word' id='word_1_333' title='bbox 381 3315 422 3378; x_wconf 91' lang='lat' dir='ltr'>A,</span> <span class='ocrx_word' id='word_1_334' title='bbox 439 3321 471 3366; x_wconf 90' lang='lat' dir='ltr'>ut</span> <span class='ocrx_word' id='word_1_335' title='bbox 487 3310 574 3365; x_wconf 80' lang='lat' dir='ltr'>voluit</span> <span class='ocrx_word' id='word_1_336' title='bbox 591 3309 738 3361; x_wconf 85' lang='lat' dir='ltr'>Muellerus</span> <span class='ocrx_word' id='word_1_337' title='bbox 756 3310 784 3358; x_wconf 89' lang='lat' dir='ltr'>in</span> <span class='ocrx_word' id='word_1_338' title='bbox 803 3304 883 3359; x_wconf 85' lang='lat' dir='ltr'>Curis</span> <span class='ocrx_word' id='word_1_339' title='bbox 900 3324 952 3358; x_wconf 87' lang='lat' dir='ltr'>sec.</span> <span class='ocrx_word' id='word_1_340' title='bbox 971 3325 997 3376; x_wconf 89' lang='lat' dir='ltr'>p.</span> <span class='ocrx_word' id='word_1_341' title='bbox 1015 3306 1071 3371; x_wconf 83' lang='lat'>26.)</span> <span class='ocrx_word' id='word_1_342' title='bbox 1105 3305 1145 3358; x_wconf 82' lang='grc'>17.</span> <span class='ocrx_word' id='word_1_343' title='bbox 1164 3307 1261 3358; x_wconf 81' lang='lat' dir='ltr'>dietum</span> <span class='ocrx_word' id='word_1_344' title='bbox 1279 3326 1296 3359; x_wconf 86' lang='lat' dir='ltr'>a</span> <span class='ocrx_word' id='word_1_345' title='bbox 1331 3307 1374 3362; x_wconf 82' lang='grc'>18.</span> <span class='ocrx_word' id='word_1_346' title='bbox 1392 3313 1529 3359; x_wconf 83' lang='lat' dir='ltr'>criminum</span> <span class='ocrx_word' id='word_1_347' title='bbox 1553 3308 1683 3358; x_wconf 79' lang='lat' dir='ltr'>videretur</span> <span class='ocrx_word' id='word_1_348' title='bbox 1718 3308 1761 3361; x_wconf 89' lang='grc'>19.</span> <span class='ocrx_word' id='word_1_349' title='bbox 1783 3314 1906 3360; x_wconf 77' lang='lat' dir='ltr'>matoria</span> <span class='ocrx_word' id='word_1_350' title='bbox 1922 3311 2003 3381; x_wconf 74' lang='lat' dir='ltr'>digna</span> <span class='ocrx_word' id='word_1_351' title='bbox 2020 3324 2103 3372; x_wconf 84' lang='lat' dir='ltr'>esset,</span> 
     </span>
     <span class='ocr_line' id='line_1_28' title="bbox 304 3389 2103 3467; baseline 0 -20"><span class='ocrx_word' id='word_1_352' title='bbox 304 3405 347 3448; x_wconf 79' lang='lat' dir='ltr'>atr·</span> <span class='ocrx_word' id='word_1_353' title='bbox 364 3411 389 3451; x_wconf 86' lang='lat' dir='ltr'>et</span> <span class='ocrx_word' id='word_1_354' title='bbox 405 3396 580 3467; x_wconf 78' lang='lat' dir='ltr'>reipublicae</span> <span class='ocrx_word' id='word_1_355' title='bbox 597 3391 779 3463; x_wconf 81' lang='lat' dir='ltr'>ecppessendne</span> <span class='ocrx_word' id='word_1_356' title='bbox 795 3409 821 3442; x_wconf 85' lang='lat' dir='ltr'>a.</span> <span class='ocrx_word' id='word_1_357' title='bbox 839 3389 864 3441; x_wconf 78' lang='lat' dir='ltr'>ti.</span> <span class='ocrx_word' id='word_1_358' title='bbox 879 3395 1063 3461; x_wconf 74' lang='lat' dir='ltr'>praescriberet</span> <span class='ocrx_word' id='word_1_359' title='bbox 1078 3389 1214 3456; x_wconf 81' lang='lat' dir='ltr'>(noensoria</span> <span class='ocrx_word' id='word_1_360' title='bbox 1233 3393 1340 3466; x_wconf 74' lang='lat' dir='ltr'>dignam</span> <span class='ocrx_word' id='word_1_361' title='bbox 1357 3397 1486 3445; x_wconf 79' lang='lat' dir='ltr'>iuventuti</span> <span class='ocrx_word' id='word_1_362' title='bbox 1508 3392 1683 3463; x_wconf 80' lang='lat' dir='ltr'>reipublicae</span> <span class='ocrx_word' id='word_1_363' title='bbox 1700 3394 1871 3463; x_wconf 79' lang='lat' dir='ltr'>,capessendae</span> <span class='ocrx_word' id='word_1_364' title='bbox 1887 3412 1911 3446; x_wconf 83' lang='lat' dir='ltr'>a.</span> <span class='ocrx_word' id='word_1_365' title='bbox 1930 3395 1955 3446; x_wconf 84' lang='lat' dir='ltr'>d.</span> <span class='ocrx_word' id='word_1_366' title='bbox 1970 3401 2103 3464; x_wconf 81' lang='lat' dir='ltr'>praeseri·</span> 
     </span>
     <span class='ocr_line' id='line_1_29' title="bbox 304 3473 2104 3551; baseline 0.002 -22"><span class='ocrx_word' id='word_1_367' title='bbox 304 3481 363 3530; x_wconf 79' lang='lat' dir='ltr'>bere</span> <span class='ocrx_word' id='word_1_368' title='bbox 379 3478 438 3528; x_wconf 80' lang='lat' dir='ltr'>AB.</span> <span class='ocrx_word' id='word_1_369' title='bbox 455 3478 509 3529; x_wconf 87' lang='lat' dir='ltr'>nlsl</span> <span class='ocrx_word' id='word_1_370' title='bbox 529 3474 605 3547; x_wconf 83' lang='lat' dir='ltr'>quod</span> <span class='ocrx_word' id='word_1_371' title='bbox 622 3477 657 3528; x_wconf 90' lang='lat' dir='ltr'>A.</span> <span class='ocrx_word' id='word_1_372' title='bbox 676 3479 837 3536; x_wconf 82' lang='lat' dir='ltr'>memoriam,</span> <span class='ocrx_word' id='word_1_373' title='bbox 865 3475 897 3531; x_wconf 84' lang='lat' dir='ltr'>ll.</span> <span class='ocrx_word' id='word_1_374' title='bbox 921 3477 1001 3548; x_wconf 76' lang='lat' dir='ltr'>digna</span> <span class='ocrx_word' id='word_1_375' title='bbox 1025 3473 1152 3544; x_wconf 75' lang='lat' dir='ltr'>exbibet,</span> <span class='ocrx_word' id='word_1_376' title='bbox 1179 3482 1310 3530; x_wconf 81' lang='lat' dir='ltr'>iuuentuti</span> <span class='ocrx_word' id='word_1_377' title='bbox 1332 3495 1382 3548; x_wconf 85' lang='lat' dir='ltr'>pro</span> <span class='ocrx_word' id='word_1_378' title='bbox 1409 3483 1451 3531; x_wconf 82' lang='lat' dir='ltr'>uti</span> <span class='ocrx_word' id='word_1_379' title='bbox 1472 3478 1627 3551; x_wconf 78' lang='lat' dir='ltr'>Madvigius</span> <span class='ocrx_word' id='word_1_380' title='bbox 1645 3479 1750 3548; x_wconf 83' lang='lat' dir='ltr'>optima</span> <span class='ocrx_word' id='word_1_381' title='bbox 1768 3478 1858 3546; x_wconf 83' lang='lat' dir='ltr'>coni.)</span> <span class='ocrx_word' id='word_1_382' title='bbox 1893 3479 1936 3533; x_wconf 80' lang='lat'>20.</span> <span class='ocrx_word' id='word_1_383' title='bbox 1955 3481 2104 3532; x_wconf 79' lang='lat' dir='ltr'>tribunatus</span> 
     </span>
     <span class='ocr_line' id='line_1_30' title="bbox 303 3557 784 3635; baseline -0.006 -20"><span class='ocrx_word' id='word_1_384' title='bbox 303 3564 408 3635; x_wconf 83' lang='lat' dir='ltr'>quidem</span> <span class='ocrx_word' id='word_1_385' title='bbox 425 3572 496 3613; x_wconf 86' lang='lat' dir='ltr'>totus</span> <span class='ocrx_word' id='word_1_386' title='bbox 511 3557 628 3632; x_wconf 82' lang='lat' dir='ltr'>(quidem</span> <span class='ocrx_word' id='word_1_387' title='bbox 645 3577 698 3613; x_wconf 88' lang='lat' dir='ltr'>orn.</span> <span class='ocrx_word' id='word_1_388' title='bbox 716 3559 784 3622; x_wconf 87' lang='lat' dir='ltr'>Ad.)</span> 
     </span>
    </p>
   </div>
   <div class='ocr_carea' id='block_1_6' title="bbox 302 3731 2101 4322">
    <p class='ocr_par' dir='ltr' id='par_1_8' title="bbox 302 3731 2101 4322">
     <span class='ocr_line' id='line_1_31' title="bbox 373 3731 2101 3810; baseline 0.003 -22"><span class='ocrx_word' id='word_1_389' title='bbox 373 3732 500 3789; x_wconf 80' lang='lat' dir='ltr'>LEC‘iT.</span> <span class='ocrx_word' id='word_1_390' title='bbox 534 3731 613 3787; x_wconf 86' lang='lat' dir='ltr'>abed.</span> <span class='ocrx_word' id='word_1_391' title='bbox 634 3735 660 3787; x_wconf 84' lang='lat' dir='ltr'>i.</span> <span class='ocrx_word' id='word_1_392' title='bbox 677 3751 777 3785; x_wconf 79' lang='lat' dir='ltr'>sumata</span> <span class='ocrx_word' id='word_1_393' title='bbox 789 3746 827 3785; x_wconf 88' lang='lat' dir='ltr'>est</span> <span class='ocrx_word' id='word_1_394' title='bbox 839 3735 969 3787; x_wconf 83' lang='lat' dir='ltr'>celeritate</span> <span class='ocrx_word' id='word_1_395' title='bbox 980 3736 1038 3789; x_wconf 85' lang='lat' dir='ltr'>aba.</span> <span class='ocrx_word' id='word_1_396' title='bbox 1051 3753 1107 3789; x_wconf 86' lang='lat' dir='ltr'>non</span> <span class='ocrx_word' id='word_1_397' title='bbox 1119 3736 1148 3790; x_wconf 88' lang='lat' dir='ltr'>d.</span> <span class='ocrx_word' id='word_1_398' title='bbox 1184 3737 1210 3791; x_wconf 87' lang='grc'>3.</span> <span class='ocrx_word' id='word_1_399' title='bbox 1221 3749 1286 3809; x_wconf 85' lang='lat' dir='ltr'>quot</span> <span class='ocrx_word' id='word_1_400' title='bbox 1296 3736 1362 3792; x_wconf 89' lang='lat' dir='ltr'>abd.</span> <span class='ocrx_word' id='word_1_401' title='bbox 1376 3754 1430 3790; x_wconf 91' lang='lat' dir='ltr'>non</span> <span class='ocrx_word' id='word_1_402' title='bbox 1444 3755 1468 3790; x_wconf 91' lang='lat' dir='ltr'>c.</span> <span class='ocrx_word' id='word_1_403' title='bbox 1504 3734 1576 3789; x_wconf 85' lang='lat' dir='ltr'>ibid.</span> <span class='ocrx_word' id='word_1_404' title='bbox 1596 3736 1683 3788; x_wconf 74' lang='lat' dir='ltr'>studio</span> <span class='ocrx_word' id='word_1_405' title='bbox 1694 3736 1785 3790; x_wconf 78' lang='lat' dir='ltr'>erola.</span> <span class='ocrx_word' id='word_1_406' title='bbox 1802 3735 1877 3789; x_wconf 85' lang='lat' dir='ltr'>lbid.</span> <span class='ocrx_word' id='word_1_407' title='bbox 1886 3739 2015 3810; x_wconf 82' lang='lat' dir='ltr'>fortassis</span> <span class='ocrx_word' id='word_1_408' title='bbox 2023 3739 2101 3794; x_wconf 85' lang='lat' dir='ltr'>abad.</span> 
     </span>
     <span class='ocr_line' id='line_1_32' title="bbox 303 3818 2099 3896; baseline 0.001 -20"><span class='ocrx_word' id='word_1_409' title='bbox 303 3825 330 3879; x_wconf 81' lang='lat' dir='ltr'>i.</span> <span class='ocrx_word' id='word_1_410' title='bbox 347 3824 464 3875; x_wconf 84' lang='lat' dir='ltr'>Martem</span> <span class='ocrx_word' id='word_1_411' title='bbox 475 3822 588 3894; x_wconf 82' lang='lat' dir='ltr'>bellique</span> <span class='ocrx_word' id='word_1_412' title='bbox 598 3839 685 3871; x_wconf 84' lang='lat' dir='ltr'>essum</span> <span class='ocrx_word' id='word_1_413' title='bbox 696 3819 774 3884; x_wconf 74' lang='lat' dir='ltr'>abed.</span> <span class='ocrx_word' id='word_1_414' title='bbox 798 3819 870 3873; x_wconf 90' lang='lat' dir='ltr'>lbid.</span> <span class='ocrx_word' id='word_1_415' title='bbox 889 3833 927 3873; x_wconf 85' lang='lat' dir='ltr'>est</span> <span class='ocrx_word' id='word_1_416' title='bbox 943 3821 1025 3873; x_wconf 81' lang='lat' dir='ltr'>dicere</span> <span class='ocrx_word' id='word_1_417' title='bbox 1042 3822 1101 3875; x_wconf 84' lang='lat' dir='ltr'>abc.</span> <span class='ocrx_word' id='word_1_418' title='bbox 1118 3841 1173 3875; x_wconf 88' lang='lat' dir='ltr'>nou</span> <span class='ocrx_word' id='word_1_419' title='bbox 1193 3820 1220 3876; x_wconf 88' lang='lat' dir='ltr'>d.</span> <span class='ocrx_word' id='word_1_420' title='bbox 1238 3820 1312 3875; x_wconf 91' lang='lat' dir='ltr'>ibid.</span> <span class='ocrx_word' id='word_1_421' title='bbox 1331 3823 1406 3875; x_wconf 77' lang='lat' dir='ltr'>breve</span> <span class='ocrx_word' id='word_1_422' title='bbox 1422 3818 1501 3876; x_wconf 85' lang='lat' dir='ltr'>abed.</span> <span class='ocrx_word' id='word_1_423' title='bbox 1537 3819 1562 3874; x_wconf 86' lang='lat'>5.</span> <span class='ocrx_word' id='word_1_424' title='bbox 1580 3839 1631 3873; x_wconf 87' lang='lat' dir='ltr'>nors</span> <span class='ocrx_word' id='word_1_425' title='bbox 1647 3824 1773 3874; x_wconf 76' lang='lat' dir='ltr'>excellens</span> <span class='ocrx_word' id='word_1_426' title='bbox 1790 3827 1877 3874; x_wconf 79' lang='lat' dir='ltr'>aniate</span> <span class='ocrx_word' id='word_1_427' title='bbox 1896 3836 1921 3876; x_wconf 91' lang='lat' dir='ltr'>et</span> <span class='ocrx_word' id='word_1_428' title='bbox 1938 3831 2099 3896; x_wconf 65' lang='lat' dir='ltr'>amoremqe.</span> 
     </span>
     <span class='ocr_line' id='line_1_33' title="bbox 303 3905 2097 3980; baseline 0.001 -18"><span class='ocrx_word' id='word_1_429' title='bbox 303 3913 384 3963; x_wconf 74' lang='lat' dir='ltr'>virtus</span> <span class='ocrx_word' id='word_1_430' title='bbox 401 3906 445 3961; x_wconf 87' lang='lat' dir='ltr'>ad.</span> <span class='ocrx_word' id='word_1_431' title='bbox 463 3926 514 3960; x_wconf 85' lang='lat' dir='ltr'>nors</span> <span class='ocrx_word' id='word_1_432' title='bbox 530 3906 658 3959; x_wconf 68' lang='lat' dir='ltr'>excellens</span> <span class='ocrx_word' id='word_1_433' title='bbox 675 3911 776 3960; x_wconf 81' lang='lat' dir='ltr'>animus</span> <span class='ocrx_word' id='word_1_434' title='bbox 793 3919 818 3958; x_wconf 89' lang='lat' dir='ltr'>et</span> <span class='ocrx_word' id='word_1_435' title='bbox 840 3925 926 3958; x_wconf 83' lang='lat' dir='ltr'>amore</span> <span class='ocrx_word' id='word_1_436' title='bbox 943 3912 1007 3978; x_wconf 77' lang='lat' dir='ltr'>reip.</span> <span class='ocrx_word' id='word_1_437' title='bbox 1019 3918 1156 3980; x_wconf 81' lang='lat' dir='ltr'>praestans</span> <span class='ocrx_word' id='word_1_438' title='bbox 1174 3907 1219 3960; x_wconf 91' lang='lat' dir='ltr'>bc.</span> <span class='ocrx_word' id='word_1_439' title='bbox 1255 3907 1281 3961; x_wconf 84' lang='lat'>6.</span> <span class='ocrx_word' id='word_1_440' title='bbox 1304 3909 1410 3959; x_wconf 78' lang='lat' dir='ltr'>adiutor</span> <span class='ocrx_word' id='word_1_441' title='bbox 1433 3907 1532 3977; x_wconf 77' lang='lat' dir='ltr'>reipub.</span> <span class='ocrx_word' id='word_1_442' title='bbox 1558 3905 1656 3960; x_wconf 80' lang='lat' dir='ltr'>Sestius</span> <span class='ocrx_word' id='word_1_443' title='bbox 1673 3926 1689 3958; x_wconf 89' lang='lat' dir='ltr'>a</span> <span class='ocrx_word' id='word_1_444' title='bbox 1707 3907 1774 3961; x_wconf 85' lang='lat' dir='ltr'>sola.</span> <span class='ocrx_word' id='word_1_445' title='bbox 1808 3906 1836 3963; x_wconf 89' lang='grc'><strong>7.</strong></span> <span class='ocrx_word' id='word_1_446' title='bbox 1852 3912 2024 3961; x_wconf 63' lang='lat' dir='ltr'>exuendum</span> <span class='ocrx_word' id='word_1_447' title='bbox 2040 3925 2097 3964; x_wconf 78' lang='lat' dir='ltr'>ons.</span> 
     </span>
     <span class='ocr_line' id='line_1_34' title="bbox 304 3989 2098 4065; baseline -0.001 -17"><span class='ocrx_word' id='word_1_448' title='bbox 304 3995 383 4050; x_wconf 87' lang='lat' dir='ltr'>abed.</span> <span class='ocrx_word' id='word_1_449' title='bbox 418 3992 491 4047; x_wconf 90' lang='lat' dir='ltr'>ibid.</span> <span class='ocrx_word' id='word_1_450' title='bbox 501 3994 602 4063; x_wconf 65' lang='lat' dir='ltr'>suisset</span> <span class='ocrx_word' id='word_1_451' title='bbox 615 3995 691 4045; x_wconf 83' lang='lat' dir='ltr'>dctus</span> <span class='ocrx_word' id='word_1_452' title='bbox 703 3996 751 4047; x_wconf 78' lang='lat' dir='ltr'>tito</span> <span class='ocrx_word' id='word_1_453' title='bbox 763 3998 791 4046; x_wconf 83' lang='lat' dir='ltr'>in</span> <span class='ocrx_word' id='word_1_454' title='bbox 803 3995 870 4046; x_wconf 80' lang='lat' dir='ltr'>betto</span> <span class='ocrx_word' id='word_1_455' title='bbox 882 4011 1044 4065; x_wconf 79' lang='lat' dir='ltr'>nequaquam</span> <span class='ocrx_word' id='word_1_456' title='bbox 1063 3989 1121 4045; x_wconf 81' lang='lat' dir='ltr'>Cat.</span> <span class='ocrx_word' id='word_1_457' title='bbox 1138 4011 1162 4046; x_wconf 91' lang='lat' dir='ltr'>a.</span> <span class='ocrx_word' id='word_1_458' title='bbox 1169 3995 1272 4064; x_wconf 81' lang='lat' dir='ltr'>fur&#39;sset</span> <span class='ocrx_word' id='word_1_459' title='bbox 1289 3992 1380 4044; x_wconf 82' lang='lat' dir='ltr'>datus:</span> <span class='ocrx_word' id='word_1_460' title='bbox 1395 3996 1421 4043; x_wconf 87' lang='lat' dir='ltr'>si</span> <span class='ocrx_word' id='word_1_461' title='bbox 1437 3994 1484 4045; x_wconf 85' lang='lat' dir='ltr'>ilio</span> <span class='ocrx_word' id='word_1_462' title='bbox 1502 3992 1544 4045; x_wconf 86' lang='lat' dir='ltr'>bc.</span> <span class='ocrx_word' id='word_1_463' title='bbox 1553 3994 1655 4061; x_wconf 80' lang='lat' dir='ltr'>fur&#39;sset</span> <span class='ocrx_word' id='word_1_464' title='bbox 1666 3994 1761 4045; x_wconf 81' lang='lat' dir='ltr'>datus:</span> <span class='ocrx_word' id='word_1_465' title='bbox 1779 3995 1827 4045; x_wconf 85' lang='lat' dir='ltr'>ilio</span> <span class='ocrx_word' id='word_1_466' title='bbox 1839 3992 1867 4047; x_wconf 83' lang='lat' dir='ltr'>d.</span> <span class='ocrx_word' id='word_1_467' title='bbox 1905 3995 1930 4048; x_wconf 83' lang='lat'>9.</span> <span class='ocrx_word' id='word_1_468' title='bbox 1941 3997 2007 4047; x_wconf 79' lang='lat' dir='ltr'>stab.</span> <span class='ocrx_word' id='word_1_469' title='bbox 2019 4014 2098 4064; x_wconf 82' lang='lat' dir='ltr'>prae·</span> 
     </span>
     <span class='ocr_line' id='line_1_35' title="bbox 302 4062 2101 4153; baseline -0.001 -20"><span class='ocrx_word' id='word_1_470' title='bbox 302 4082 375 4136; x_wconf 70' lang='lat' dir='ltr'>stara</span> <span class='ocrx_word' id='word_1_471' title='bbox 437 4085 497 4137; x_wconf 87' lang='lat' dir='ltr'>r&#39;aset</span> <span class='ocrx_word' id='word_1_472' title='bbox 513 4078 571 4134; x_wconf 85' lang='lat' dir='ltr'>abc.</span> <span class='ocrx_word' id='word_1_473' title='bbox 590 4097 646 4132; x_wconf 89' lang='lat' dir='ltr'>non</span> <span class='ocrx_word' id='word_1_474' title='bbox 665 4078 693 4135; x_wconf 91' lang='lat' dir='ltr'>d.</span> <span class='ocrx_word' id='word_1_475' title='bbox 728 4080 770 4134; x_wconf 84' lang='grc'>16.</span> <span class='ocrx_word' id='word_1_476' title='bbox 788 4084 852 4153; x_wconf 81' lang='lat' dir='ltr'>quia</span> <span class='ocrx_word' id='word_1_477' title='bbox 870 4062 965 4135; x_wconf 42' lang='lat' dir='ltr'>abcds</span> <span class='ocrx_word' id='word_1_478' title='bbox 981 4077 1052 4130; x_wconf 83' lang='lat' dir='ltr'>ibid</span> <span class='ocrx_word' id='word_1_479' title='bbox 1071 4082 1125 4148; x_wconf 86' lang='lat' dir='ltr'>ipse</span> <span class='ocrx_word' id='word_1_480' title='bbox 1141 4076 1181 4130; x_wconf 75' lang='lat' dir='ltr'>ad</span> <span class='ocrx_word' id='word_1_481' title='bbox 1201 4080 1231 4130; x_wconf 85' lang='lat' dir='ltr'>id</span> <span class='ocrx_word' id='word_1_482' title='bbox 1246 4078 1397 4130; x_wconf 77' lang='lat' dir='ltr'>iamdudum</span> <span class='ocrx_word' id='word_1_483' title='bbox 1413 4096 1428 4129; x_wconf 88' lang='lat' dir='ltr'>a</span> <span class='ocrx_word' id='word_1_484' title='bbox 1446 4078 1511 4131; x_wconf 84' lang='lat' dir='ltr'>sola.</span> <span class='ocrx_word' id='word_1_485' title='bbox 1546 4075 1589 4129; x_wconf 85' lang='lat'>17.</span> <span class='ocrx_word' id='word_1_486' title='bbox 1606 4078 1704 4129; x_wconf 84' lang='lat' dir='ltr'>dietum</span> <span class='ocrx_word' id='word_1_487' title='bbox 1719 4078 1905 4131; x_wconf 78' lang='lat' dir='ltr'>abHortsnsio</span> <span class='ocrx_word' id='word_1_488' title='bbox 1923 4078 1982 4130; x_wconf 89' lang='lat' dir='ltr'>abc.</span> <span class='ocrx_word' id='word_1_489' title='bbox 2002 4080 2101 4132; x_wconf 78' lang='lat' dir='ltr'>dictans</span> 
     </span>
     <span class='ocr_line' id='line_1_36' title="bbox 303 4160 2101 4241; baseline 0.001 -24"><span class='ocrx_word' id='word_1_490' title='bbox 303 4185 321 4217; x_wconf 82' lang='lat' dir='ltr'>a</span> <span class='ocrx_word' id='word_1_491' title='bbox 339 4164 374 4241; x_wconf 82' lang='lat' dir='ltr'>Q.</span> <span class='ocrx_word' id='word_1_492' title='bbox 421 4168 533 4225; x_wconf 76' lang='lat' dir='ltr'>ortensio</span> <span class='ocrx_word' id='word_1_493' title='bbox 550 4164 578 4221; x_wconf 86' lang='lat' dir='ltr'>d.</span> <span class='ocrx_word' id='word_1_494' title='bbox 614 4166 656 4219; x_wconf 77' lang='grc'>19.</span> <span class='ocrx_word' id='word_1_495' title='bbox 674 4168 810 4218; x_wconf 74' lang='lat' dir='ltr'>criminum</span> <span class='ocrx_word' id='word_1_496' title='bbox 831 4165 964 4216; x_wconf 84' lang='lat' dir='ltr'>uideretur</span> <span class='ocrx_word' id='word_1_497' title='bbox 987 4160 1065 4215; x_wconf 79' lang='lat' dir='ltr'>abed.</span> <span class='ocrx_word' id='word_1_498' title='bbox 1101 4163 1144 4222; x_wconf 88' lang='grc'>19.</span> <span class='ocrx_word' id='word_1_499' title='bbox 1162 4169 1283 4215; x_wconf 84' lang='lat' dir='ltr'>memoria</span> <span class='ocrx_word' id='word_1_500' title='bbox 1306 4164 1413 4234; x_wconf 67' lang='lat' dir='ltr'>dignata</span> <span class='ocrx_word' id='word_1_501' title='bbox 1431 4174 1458 4215; x_wconf 86' lang='lat' dir='ltr'>et</span> <span class='ocrx_word' id='word_1_502' title='bbox 1474 4166 1539 4233; x_wconf 79' lang='lat' dir='ltr'>reip.</span> <span class='ocrx_word' id='word_1_503' title='bbox 1550 4167 1716 4235; x_wconf 60' lang='lat' dir='ltr'>massadae</span> <span class='ocrx_word' id='word_1_504' title='bbox 1727 4171 1910 4218; x_wconf 67' lang='lat' dir='ltr'>emensitatem</span> <span class='ocrx_word' id='word_1_505' title='bbox 1922 4167 2101 4236; x_wconf 61' lang='lat' dir='ltr'>discplinam·</span> 
     </span>
     <span class='ocr_line' id='line_1_37' title="bbox 303 4246 2014 4322; baseline 0.001 -20"><span class='ocrx_word' id='word_1_506' title='bbox 303 4266 355 4321; x_wconf 78' lang='lat' dir='ltr'>que</span> <span class='ocrx_word' id='word_1_507' title='bbox 368 4250 632 4319; x_wconf 79' lang='lat' dir='ltr'>praeserrbereabcd.</span> <span class='ocrx_word' id='word_1_508' title='bbox 667 4251 711 4305; x_wconf 79' lang='lat'>20.</span> <span class='ocrx_word' id='word_1_509' title='bbox 729 4250 877 4304; x_wconf 82' lang='lat' dir='ltr'>tribunatus</span> <span class='ocrx_word' id='word_1_510' title='bbox 893 4250 997 4322; x_wconf 79' lang='lat' dir='ltr'>quidese</span> <span class='ocrx_word' id='word_1_511' title='bbox 1013 4260 1082 4303; x_wconf 84' lang='lat' dir='ltr'>totus</span> <span class='ocrx_word' id='word_1_512' title='bbox 1100 4246 1158 4313; x_wconf 76' lang='lat' dir='ltr'>abc.</span> <span class='ocrx_word' id='word_1_513' title='bbox 1194 4247 1236 4306; x_wconf 78' lang='lat'>22,</span> <span class='ocrx_word' id='word_1_514' title='bbox 1253 4258 1321 4301; x_wconf 85' lang='lat' dir='ltr'>certe</span> <span class='ocrx_word' id='word_1_515' title='bbox 1337 4248 1467 4301; x_wconf 79' lang='lat' dir='ltr'>dolentius</span> <span class='ocrx_word' id='word_1_516' title='bbox 1483 4246 1502 4299; x_wconf 89' lang='lat' dir='ltr'>d</span> <span class='ocrx_word' id='word_1_517' title='bbox 1519 4249 1586 4305; x_wconf 83' lang='lat' dir='ltr'>sola.</span> <span class='ocrx_word' id='word_1_518' title='bbox 1621 4250 1663 4304; x_wconf 81' lang='lat'>23.</span> <span class='ocrx_word' id='word_1_519' title='bbox 1680 4253 1788 4313; x_wconf 78' lang='lat' dir='ltr'>scelere,</span> <span class='ocrx_word' id='word_1_520' title='bbox 1796 4250 1928 4320; x_wconf 80' lang='lat' dir='ltr'>furarer</span> <span class='ocrx_word' id='word_1_521' title='bbox 1945 4251 2014 4304; x_wconf 92' lang='lat' dir='ltr'>sola.</span> 
     </span>
    </p>
   </div>
   <div class='ocr_carea' id='block_1_7' title="bbox 299 4414 2101 5346">
    <p class='ocr_par' dir='ltr' id='par_1_9' title="bbox 299 4414 2101 5346">
     <span class='ocr_line' id='line_1_38' title="bbox 378 4414 2100 4494; baseline 0.001 -19"><span class='ocrx_word' id='word_1_522' title='bbox 378 4421 507 4477; x_wconf 69' lang='lat' dir='ltr'>Lect‘r.</span> <span class='ocrx_word' id='word_1_523' title='bbox 520 4424 613 4478; x_wconf 83' lang='lat' dir='ltr'>MEM.</span> <span class='ocrx_word' id='word_1_524' title='bbox 655 4426 679 4478; x_wconf 89' lang='lat'>1.</span> <span class='ocrx_word' id='word_1_525' title='bbox 690 4443 738 4479; x_wconf 86' lang='lat' dir='ltr'>sun</span> <span class='ocrx_word' id='word_1_526' title='bbox 749 4443 809 4478; x_wconf 92' lang='lat' dir='ltr'>cum</span> <span class='ocrx_word' id='word_1_527' title='bbox 822 4421 878 4476; x_wconf 85' lang='lat' dir='ltr'>BC.</span> <span class='ocrx_word' id='word_1_528' title='bbox 890 4420 1035 4476; x_wconf 86' lang='lat' dir='ltr'>delendum</span> <span class='ocrx_word' id='word_1_529' title='bbox 1048 4421 1155 4475; x_wconf 82' lang='lat' dir='ltr'>ridetur</span> <span class='ocrx_word' id='word_1_530' title='bbox 1166 4418 1318 4494; x_wconf 73' lang='lat' dir='ltr'>Madvigio.</span> <span class='ocrx_word' id='word_1_531' title='bbox 1335 4414 1403 4477; x_wconf 78' lang='lat' dir='ltr'>&#39;sed</span> <span class='ocrx_word' id='word_1_532' title='bbox 1414 4423 1495 4475; x_wconf 85' lang='lat' dir='ltr'>nimis</span> <span class='ocrx_word' id='word_1_533' title='bbox 1512 4433 1613 4474; x_wconf 85' lang='lat' dir='ltr'>remota</span> <span class='ocrx_word' id='word_1_534' title='bbox 1625 4434 1689 4478; x_wconf 90' lang='lat' dir='ltr'>sunt</span> <span class='ocrx_word' id='word_1_535' title='bbox 1701 4443 1743 4477; x_wconf 85' lang='lat' dir='ltr'>rr.</span> <span class='ocrx_word' id='word_1_536' title='bbox 1756 4424 1778 4489; x_wconf 81' lang='lat'>§.</span> <span class='ocrx_word' id='word_1_537' title='bbox 1789 4425 1833 4478; x_wconf 90' lang='grc'>11.</span> <span class='ocrx_word' id='word_1_538' title='bbox 1845 4443 1904 4476; x_wconf 84' lang='lat' dir='ltr'>cam</span> <span class='ocrx_word' id='word_1_539' title='bbox 1915 4428 1963 4478; x_wconf 81' lang='lat' dir='ltr'>ttto</span> <span class='ocrx_word' id='word_1_540' title='bbox 1974 4431 2100 4487; x_wconf 73' lang='lat' dir='ltr'>exercitu,</span> 
     </span>
     <span class='ocr_line' id='line_1_39' title="bbox 302 4506 2100 4584; baseline 0.001 -21"><span class='ocrx_word' id='word_1_541' title='bbox 302 4528 376 4584; x_wconf 77' lang='lat' dir='ltr'>quern</span> <span class='ocrx_word' id='word_1_542' title='bbox 395 4516 450 4561; x_wconf 84' lang='lat' dir='ltr'>tum</span> <span class='ocrx_word' id='word_1_543' title='bbox 468 4526 553 4560; x_wconf 84' lang='lat' dir='ltr'>secum</span> <span class='ocrx_word' id='word_1_544' title='bbox 570 4509 701 4562; x_wconf 57' lang='lat' dir='ltr'>lambat:</span> <span class='ocrx_word' id='word_1_545' title='bbox 718 4523 746 4562; x_wconf 91' lang='lat' dir='ltr'>et</span> <span class='ocrx_word' id='word_1_546' title='bbox 771 4509 852 4563; x_wconf 81' lang='lat' dir='ltr'>iasile</span> <span class='ocrx_word' id='word_1_547' title='bbox 868 4527 916 4560; x_wconf 85' lang='lat' dir='ltr'>suo</span> <span class='ocrx_word' id='word_1_548' title='bbox 932 4521 994 4562; x_wconf 85' lang='lat' dir='ltr'>ante</span> <span class='ocrx_word' id='word_1_549' title='bbox 1009 4507 1070 4579; x_wconf 77' lang='lat' dir='ltr'>syll.</span> <span class='ocrx_word' id='word_1_550' title='bbox 1090 4526 1147 4560; x_wconf 85' lang='lat' dir='ltr'>aum</span> <span class='ocrx_word' id='word_1_551' title='bbox 1164 4508 1198 4560; x_wconf 94' lang='lat' dir='ltr'>ab</span> <span class='ocrx_word' id='word_1_552' title='bbox 1215 4508 1278 4561; x_wconf 85' lang='lat' dir='ltr'>aliia</span> <span class='ocrx_word' id='word_1_553' title='bbox 1295 4509 1403 4572; x_wconf 87' lang='lat' dir='ltr'>omitti,</span> <span class='ocrx_word' id='word_1_554' title='bbox 1425 4507 1460 4560; x_wconf 90' lang='lat' dir='ltr'>ab</span> <span class='ocrx_word' id='word_1_555' title='bbox 1477 4506 1540 4559; x_wconf 80' lang='lat' dir='ltr'>allis</span> <span class='ocrx_word' id='word_1_556' title='bbox 1557 4526 1618 4561; x_wconf 87' lang='lat' dir='ltr'>eum</span> <span class='ocrx_word' id='word_1_557' title='bbox 1637 4511 1685 4561; x_wconf 83' lang='lat' dir='ltr'>iilo</span> <span class='ocrx_word' id='word_1_558' title='bbox 1703 4511 1833 4582; x_wconf 77' lang='lat' dir='ltr'>coniungi</span> <span class='ocrx_word' id='word_1_559' title='bbox 1851 4525 1967 4582; x_wconf 85' lang='lat' dir='ltr'>poterat.</span> <span class='ocrx_word' id='word_1_560' title='bbox 2002 4512 2100 4568; x_wconf 85' lang='lat' dir='ltr'>Veram</span> 
     </span>
     <span class='ocr_line' id='line_1_40' title="bbox 306 4591 2098 4669; baseline 0 -20"><span class='ocrx_word' id='word_1_561' title='bbox 306 4597 389 4669; x_wconf 65' lang='lat' dir='ltr'>igitur</span> <span class='ocrx_word' id='word_1_562' title='bbox 405 4592 468 4649; x_wconf 84' lang='lat' dir='ltr'>leet.</span> <span class='ocrx_word' id='word_1_563' title='bbox 486 4594 598 4665; x_wconf 84' lang='lat' dir='ltr'>praebet</span> <span class='ocrx_word' id='word_1_564' title='bbox 613 4596 648 4649; x_wconf 86' lang='lat' dir='ltr'>A.</span> <span class='ocrx_word' id='word_1_565' title='bbox 683 4595 708 4647; x_wconf 71' lang='lat' dir='ltr'>it.</span> <span class='ocrx_word' id='word_1_566' title='bbox 731 4631 747 4657; x_wconf 91' lang='lat'>,‚</span> <span class='ocrx_word' id='word_1_567' title='bbox 758 4591 905 4648; x_wconf 71' lang='lat' dir='ltr'>Communes</span> <span class='ocrx_word' id='word_1_568' title='bbox 921 4595 1001 4647; x_wconf 83' lang='lat' dir='ltr'>Mars</span> <span class='ocrx_word' id='word_1_569' title='bbox 1018 4611 1073 4646; x_wconf 91' lang='lat' dir='ltr'>non</span> <span class='ocrx_word' id='word_1_570' title='bbox 1092 4591 1210 4656; x_wconf 85' lang='lat' dir='ltr'>dicitnr,</span> <span class='ocrx_word' id='word_1_571' title='bbox 1226 4591 1274 4647; x_wconf 87' lang='lat' dir='ltr'>sed</span> <span class='ocrx_word' id='word_1_572' title='bbox 1290 4606 1395 4666; x_wconf 85' lang='lat' dir='ltr'>semper</span> <span class='ocrx_word' id='word_1_573' title='bbox 1415 4598 1558 4645; x_wconf 57' lang='lat' dir='ltr'>ammenti</span> <span class='ocrx_word' id='word_1_574' title='bbox 1576 4593 1655 4645; x_wconf 83' lang='lat' dir='ltr'>Mars</span> <span class='ocrx_word' id='word_1_575' title='bbox 1672 4594 1763 4646; x_wconf 73' lang='lat' dir='ltr'>belii‘·</span> <span class='ocrx_word' id='word_1_576' title='bbox 1795 4596 1914 4668; x_wconf 75' lang='lat' dir='ltr'>Madvig.</span> <span class='ocrx_word' id='word_1_577' title='bbox 1933 4598 1994 4651; x_wconf 84' lang='lat' dir='ltr'>Cir.</span> <span class='ocrx_word' id='word_1_578' title='bbox 2010 4609 2098 4649; x_wconf 84' lang='lat' dir='ltr'>tamen</span> 
     </span>
     <span class='ocr_line' id='line_1_41' title="bbox 301 4674 2101 4753; baseline 0.003 -24"><span class='ocrx_word' id='word_1_579' title='bbox 301 4674 400 4734; x_wconf 69' lang='lat' dir='ltr'>Milon.</span> <span class='ocrx_word' id='word_1_580' title='bbox 417 4677 440 4744; x_wconf 88' lang='lat'>§.</span> <span class='ocrx_word' id='word_1_581' title='bbox 458 4678 502 4733; x_wconf 85' lang='lat'>56.</span> <span class='ocrx_word' id='word_1_582' title='bbox 518 4679 585 4732; x_wconf 81' lang='lat' dir='ltr'>adde</span> <span class='ocrx_word' id='word_1_583' title='bbox 601 4683 709 4733; x_wconf 65' lang='lat' dir='ltr'>insutos</span> <span class='ocrx_word' id='word_1_584' title='bbox 725 4684 811 4732; x_wconf 76' lang='lat' dir='ltr'>eeitru</span> <span class='ocrx_word' id='word_1_585' title='bbox 824 4698 976 4752; x_wconf 76' lang='lat' dir='ltr'>pugnarum</span> <span class='ocrx_word' id='word_1_586' title='bbox 993 4680 1159 4753; x_wconf 75' lang='lat' dir='ltr'>Martemque</span> <span class='ocrx_word' id='word_1_587' title='bbox 1173 4685 1350 4742; x_wconf 70' lang='lat' dir='ltr'>sambrum,</span> <span class='ocrx_word' id='word_1_588' title='bbox 1366 4681 1416 4753; x_wconf 80' lang='lat' dir='ltr'>qui</span> <span class='ocrx_word' id='word_1_589' title='bbox 1425 4690 1474 4732; x_wconf 87' lang='lat' dir='ltr'>cet.</span> <span class='ocrx_word' id='word_1_590' title='bbox 1495 4676 1570 4731; x_wconf 87' lang='lat' dir='ltr'>ibld.</span> <span class='ocrx_word' id='word_1_591' title='bbox 1580 4678 1747 4749; x_wconf 73' lang='lat' dir='ltr'>languescet</span> <span class='ocrx_word' id='word_1_592' title='bbox 1758 4687 1844 4733; x_wconf 80' lang='lat' dir='ltr'>armis</span> <span class='ocrx_word' id='word_1_593' title='bbox 1855 4682 1938 4733; x_wconf 82' lang='lat' dir='ltr'>dicere</span> <span class='ocrx_word' id='word_1_594' title='bbox 1949 4679 2101 4752; x_wconf 78' lang='lat' dir='ltr'>Gryphias.</span> 
     </span>
     <span class='ocr_line' id='line_1_42' title="bbox 301 4762 2096 4836; baseline 0.001 -21"><span class='ocrx_word' id='word_1_595' title='bbox 301 4762 325 4815; x_wconf 87' lang='grc'>9.</span> <span class='ocrx_word' id='word_1_596' title='bbox 340 4766 465 4833; x_wconf 82' lang='lat' dir='ltr'>praedari</span> <span class='ocrx_word' id='word_1_597' title='bbox 475 4764 584 4818; x_wconf 84' lang='lat' dir='ltr'>tolerari</span> <span class='ocrx_word' id='word_1_598' title='bbox 596 4778 652 4817; x_wconf 86' lang='lat' dir='ltr'>uon</span> <span class='ocrx_word' id='word_1_599' title='bbox 666 4780 746 4834; x_wconf 86' lang='lat' dir='ltr'>posse</span> <span class='ocrx_word' id='word_1_600' title='bbox 757 4764 877 4818; x_wconf 87' lang='lat' dir='ltr'>concedo</span> <span class='ocrx_word' id='word_1_601' title='bbox 890 4766 1000 4819; x_wconf 86' lang='lat' dir='ltr'>meliora</span> <span class='ocrx_word' id='word_1_602' title='bbox 1016 4765 1130 4819; x_wconf 73' lang='lat' dir='ltr'>edeam</span> <span class='ocrx_word' id='word_1_603' title='bbox 1147 4783 1162 4817; x_wconf 95' lang='lat' dir='ltr'>a</span> <span class='ocrx_word' id='word_1_604' title='bbox 1179 4764 1339 4836; x_wconf 81' lang='lat' dir='ltr'>Madvigio:</span> <span class='ocrx_word' id='word_1_605' title='bbox 1356 4764 1407 4817; x_wconf 82' lang='lat' dir='ltr'>etei</span> <span class='ocrx_word' id='word_1_606' title='bbox 1425 4780 1481 4816; x_wconf 89' lang='lat' dir='ltr'>non</span> <span class='ocrx_word' id='word_1_607' title='bbox 1499 4763 1565 4816; x_wconf 87' lang='lat' dir='ltr'>satia</span> <span class='ocrx_word' id='word_1_608' title='bbox 1584 4774 1707 4819; x_wconf 78' lang='lat' dir='ltr'>accurate</span> <span class='ocrx_word' id='word_1_609' title='bbox 1726 4765 1814 4820; x_wconf 82' lang='lat' dir='ltr'>dixit:</span> <span class='ocrx_word' id='word_1_610' title='bbox 1830 4767 1976 4836; x_wconf 76' lang='lat' dir='ltr'>..praedari</span> <span class='ocrx_word' id='word_1_611' title='bbox 1992 4767 2096 4819; x_wconf 83' lang='lat' dir='ltr'>nnllam</span> 
     </span>
     <span class='ocr_line' id='line_1_43' title="bbox 304 4846 2101 4922; baseline 0.003 -25"><span class='ocrx_word' id='word_1_612' title='bbox 304 4846 419 4899; x_wconf 85' lang='lat' dir='ltr'>omnino</span> <span class='ocrx_word' id='word_1_613' title='bbox 439 4850 492 4902; x_wconf 87' lang='lat' dir='ltr'>nisi</span> <span class='ocrx_word' id='word_1_614' title='bbox 511 4847 603 4903; x_wconf 80' lang='lat' dir='ltr'>fictitii</span> <span class='ocrx_word' id='word_1_615' title='bbox 620 4847 723 4902; x_wconf 85' lang='lat' dir='ltr'>codicis</span> <span class='ocrx_word' id='word_1_616' title='bbox 742 4848 842 4903; x_wconf 88' lang='lat' dir='ltr'>Ursini·</span> <span class='ocrx_word' id='word_1_617' title='bbox 855 4850 1042 4904; x_wconf 73' lang='lat' dir='ltr'>auctoritatem</span> <span class='ocrx_word' id='word_1_618' title='bbox 1066 4849 1165 4912; x_wconf 86' lang='lat' dir='ltr'>babet,</span> <span class='ocrx_word' id='word_1_619' title='bbox 1190 4851 1268 4904; x_wconf 87' lang='lat' dir='ltr'>cuins</span> <span class='ocrx_word' id='word_1_620' title='bbox 1283 4848 1524 4920; x_wconf 74' lang='lat' dir='ltr'>interpolationem</span> <span class='ocrx_word' id='word_1_621' title='bbox 1541 4849 1692 4922; x_wconf 78' lang='lat' dir='ltr'>Naugerius</span> <span class='ocrx_word' id='word_1_622' title='bbox 1715 4852 1856 4920; x_wconf 71' lang='lat' dir='ltr'>recepite⁴⁴</span> <span class='ocrx_word' id='word_1_623' title='bbox 1879 4850 1962 4904; x_wconf 86' lang='lat' dir='ltr'>immo</span> <span class='ocrx_word' id='word_1_624' title='bbox 1978 4846 2101 4902; x_wconf 83' lang='lat' dir='ltr'>Editoris</span> 
     </span>
     <span class='ocr_line' id='line_1_44' title="bbox 299 4927 2097 5007; baseline 0.003 -27"><span class='ocrx_word' id='word_1_625' title='bbox 299 4927 398 4981; x_wconf 78' lang='lat' dir='ltr'>Veneti</span> <span class='ocrx_word' id='word_1_626' title='bbox 418 4931 562 4985; x_wconf 89' lang='lat' dir='ltr'>lectionem</span> <span class='ocrx_word' id='word_1_627' title='bbox 580 4938 637 4989; x_wconf 79' lang='lat' dir='ltr'>sive</span> <span class='ocrx_word' id='word_1_628' title='bbox 655 4936 684 4988; x_wconf 88' lang='lat' dir='ltr'>in</span> <span class='ocrx_word' id='word_1_629' title='bbox 703 4932 772 4987; x_wconf 85' lang='lat' dir='ltr'>Coti.</span> <span class='ocrx_word' id='word_1_630' title='bbox 790 4946 921 5005; x_wconf 81' lang='lat' dir='ltr'>repertam</span> <span class='ocrx_word' id='word_1_631' title='bbox 938 4935 996 4988; x_wconf 84' lang='lat' dir='ltr'>sire</span> <span class='ocrx_word' id='word_1_632' title='bbox 1012 4927 1044 4988; x_wconf 79' lang='lat' dir='ltr'>er</span> <span class='ocrx_word' id='word_1_633' title='bbox 1060 4935 1172 5006; x_wconf 81' lang='lat' dir='ltr'>ingenio</span> <span class='ocrx_word' id='word_1_634' title='bbox 1190 4933 1380 5007; x_wconf 81' lang='lat' dir='ltr'>depromptam</span> <span class='ocrx_word' id='word_1_635' title='bbox 1397 4932 1497 4987; x_wconf 85' lang='lat' dir='ltr'>Codici</span> <span class='ocrx_word' id='word_1_636' title='bbox 1514 4950 1565 4988; x_wconf 87' lang='lat' dir='ltr'>sno</span> <span class='ocrx_word' id='word_1_637' title='bbox 1583 4937 1682 4989; x_wconf 85' lang='lat' dir='ltr'>fictitio</span> <span class='ocrx_word' id='word_1_638' title='bbox 1700 4935 1811 4996; x_wconf 84' lang='lat' dir='ltr'>tribuit,</span> <span class='ocrx_word' id='word_1_639' title='bbox 1831 4947 1863 4988; x_wconf 88' lang='lat' dir='ltr'>nt</span> <span class='ocrx_word' id='word_1_640' title='bbox 1878 4935 2000 4993; x_wconf 88' lang='lat' dir='ltr'>solebat,</span> <span class='ocrx_word' id='word_1_641' title='bbox 2019 4930 2097 4985; x_wconf 86' lang='lat' dir='ltr'>Ursi·</span> 
     </span>
     <span class='ocr_line' id='line_1_45' title="bbox 299 5015 2097 5095; baseline 0 -26"><span class='ocrx_word' id='word_1_642' title='bbox 299 5030 366 5077; x_wconf 76' lang='lat' dir='ltr'>eas,</span> <span class='ocrx_word' id='word_1_643' title='bbox 394 5017 441 5086; x_wconf 89' lang='lat' dir='ltr'>qui</span> <span class='ocrx_word' id='word_1_644' title='bbox 458 5017 546 5071; x_wconf 87' lang='lat' dir='ltr'>multe</span> <span class='ocrx_word' id='word_1_645' title='bbox 563 5020 720 5088; x_wconf 82' lang='lat' dir='ltr'>postillam</span> <span class='ocrx_word' id='word_1_646' title='bbox 744 5020 823 5074; x_wconf 74' lang='lat' dir='ltr'>vixit.</span> <span class='ocrx_word' id='word_1_647' title='bbox 858 5019 919 5089; x_wconf 86' lang='lat' dir='ltr'>lpse</span> <span class='ocrx_word' id='word_1_648' title='bbox 938 5019 1092 5092; x_wconf 78' lang='lat' dir='ltr'>Madrigius</span> <span class='ocrx_word' id='word_1_649' title='bbox 1111 5020 1229 5073; x_wconf 87' lang='lat' dir='ltr'>coniecit</span> <span class='ocrx_word' id='word_1_650' title='bbox 1242 5039 1401 5095; x_wconf 77' lang='lat' dir='ltr'>peragrare,</span> <span class='ocrx_word' id='word_1_651' title='bbox 1426 5021 1551 5081; x_wconf 82' lang='lat' dir='ltr'>verbum,</span> <span class='ocrx_word' id='word_1_652' title='bbox 1575 5033 1606 5071; x_wconf 86' lang='lat' dir='ltr'>nt</span> <span class='ocrx_word' id='word_1_653' title='bbox 1623 5022 1661 5074; x_wconf 87' lang='lat' dir='ltr'>ita</span> <span class='ocrx_word' id='word_1_654' title='bbox 1679 5018 1781 5082; x_wconf 88' lang='lat' dir='ltr'>dicam,</span> <span class='ocrx_word' id='word_1_655' title='bbox 1809 5022 1890 5072; x_wconf 88' lang='lat' dir='ltr'>nimis</span> <span class='ocrx_word' id='word_1_656' title='bbox 1917 5015 2097 5088; x_wconf 84' lang='lat' dir='ltr'>tranquillum</span> 
     </span>
     <span class='ocr_line' id='line_1_46' title="bbox 300 5099 2097 5176; baseline -0.001 -21"><span class='ocrx_word' id='word_1_657' title='bbox 300 5119 331 5155; x_wconf 87' lang='lat' dir='ltr'>ae</span> <span class='ocrx_word' id='word_1_658' title='bbox 346 5100 506 5172; x_wconf 77' lang='lat' dir='ltr'>pacificum,</span> <span class='ocrx_word' id='word_1_659' title='bbox 531 5102 578 5154; x_wconf 89' lang='lat' dir='ltr'>nbi</span> <span class='ocrx_word' id='word_1_660' title='bbox 597 5099 633 5156; x_wconf 84' lang='lat' dir='ltr'>de</span> <span class='ocrx_word' id='word_1_661' title='bbox 650 5105 739 5157; x_wconf 86' lang='lat' dir='ltr'>multo</span> <span class='ocrx_word' id='word_1_662' title='bbox 756 5105 885 5176; x_wconf 78' lang='lat' dir='ltr'>sangnine</span> <span class='ocrx_word' id='word_1_663' title='bbox 901 5115 929 5156; x_wconf 89' lang='lat' dir='ltr'>et</span> <span class='ocrx_word' id='word_1_664' title='bbox 946 5107 1029 5158; x_wconf 86' lang='lat' dir='ltr'>tetius</span> <span class='ocrx_word' id='word_1_665' title='bbox 1047 5105 1143 5158; x_wconf 85' lang='lat' dir='ltr'>ltaliae</span> <span class='ocrx_word' id='word_1_666' title='bbox 1159 5105 1285 5159; x_wconf 70' lang='lat' dir='ltr'>vertute</span> <span class='ocrx_word' id='word_1_667' title='bbox 1306 5121 1393 5160; x_wconf 85' lang='lat' dir='ltr'>sermo</span> <span class='ocrx_word' id='word_1_668' title='bbox 1412 5116 1460 5158; x_wconf 86' lang='lat' dir='ltr'>est.</span> <span class='ocrx_word' id='word_1_669' title='bbox 1496 5107 1537 5160; x_wconf 78' lang='lat'>22.</span> <span class='ocrx_word' id='word_1_670' title='bbox 1557 5106 1619 5159; x_wconf 91' lang='lat' dir='ltr'>Om.</span> <span class='ocrx_word' id='word_1_671' title='bbox 1635 5107 1730 5158; x_wconf 80' lang='lat' dir='ltr'>iudices</span> <span class='ocrx_word' id='word_1_672' title='bbox 1748 5105 1801 5159; x_wconf 83' lang='lat' dir='ltr'>Ad.</span> <span class='ocrx_word' id='word_1_673' title='bbox 1819 5102 2000 5176; x_wconf 79' lang='lat' dir='ltr'>probantibus</span> <span class='ocrx_word' id='word_1_674' title='bbox 2017 5101 2097 5155; x_wconf 90' lang='lat' dir='ltr'>Mad·</span> 
     </span>
     <span class='ocr_line' id='line_1_47' title="bbox 301 5184 2097 5266; baseline 0.001 -26"><span class='ocrx_word' id='word_1_675' title='bbox 301 5185 386 5260; x_wconf 78' lang='lat' dir='ltr'>rigie·</span> <span class='ocrx_word' id='word_1_676' title='bbox 399 5197 427 5238; x_wconf 88' lang='lat' dir='ltr'>et</span> <span class='ocrx_word' id='word_1_677' title='bbox 450 5184 568 5239; x_wconf 81' lang='lat' dir='ltr'>Britere.</span> <span class='ocrx_word' id='word_1_678' title='bbox 603 5187 657 5242; x_wconf 76' lang='lat' dir='ltr'>Sed</span> <span class='ocrx_word' id='word_1_679' title='bbox 683 5190 857 5259; x_wconf 80' lang='lat' dir='ltr'>probabilius</span> <span class='ocrx_word' id='word_1_680' title='bbox 869 5200 921 5242; x_wconf 90' lang='lat' dir='ltr'>·est</span> <span class='ocrx_word' id='word_1_681' title='bbox 941 5205 1003 5242; x_wconf 83' lang='lat' dir='ltr'>casn</span> <span class='ocrx_word' id='word_1_682' title='bbox 1021 5198 1052 5244; x_wconf 75' lang='lat' dir='ltr'>lr.</span> <span class='ocrx_word' id='word_1_683' title='bbox 1075 5189 1207 5246; x_wconf 74' lang='lat' dir='ltr'>excidisse</span> <span class='ocrx_word' id='word_1_684' title='bbox 1232 5196 1315 5266; x_wconf 75' lang='lat' dir='ltr'>qaarr&#39;r</span> <span class='ocrx_word' id='word_1_685' title='bbox 1340 5191 1466 5246; x_wconf 72' lang='lat' dir='ltr'>romulae</span> <span class='ocrx_word' id='word_1_686' title='bbox 1490 5190 1657 5245; x_wconf 86' lang='lat' dir='ltr'>inculcatum</span> <span class='ocrx_word' id='word_1_687' title='bbox 1672 5200 1737 5246; x_wconf 83' lang='lat' dir='ltr'>esse.</span> <span class='ocrx_word' id='word_1_688' title='bbox 1773 5190 1910 5245; x_wconf 66' lang='lat' dir='ltr'>mosera·</span> <span class='ocrx_word' id='word_1_689' title='bbox 1928 5188 2097 5243; x_wconf 67' lang='lat' dir='ltr'>numantina</span> 
     </span>
     <span class='ocr_line' id='line_1_48' title="bbox 299 5268 1889 5346; baseline 0.006 -24"><span class='ocrx_word' id='word_1_690' title='bbox 299 5269 428 5328; x_wconf 84' lang='lat' dir='ltr'>adseres</span> <span class='ocrx_word' id='word_1_691' title='bbox 445 5270 512 5328; x_wconf 84' lang='lat' dir='ltr'>nihi</span> <span class='ocrx_word' id='word_1_692' title='bbox 529 5268 648 5336; x_wconf 67' lang='lat' dir='ltr'>assidit-3</span> <span class='ocrx_word' id='word_1_693' title='bbox 663 5279 750 5346; x_wconf 79' lang='lat' dir='ltr'>qaam-</span> <span class='ocrx_word' id='word_1_694' title='bbox 763 5271 903 5330; x_wconf 74' lang='lat' dir='ltr'>ardum</span> <span class='ocrx_word' id='word_1_695' title='bbox 918 5279 1091 5331; x_wconf 60' lang='lat' dir='ltr'>munem..</span> <span class='ocrx_word' id='word_1_696' title='bbox 1185 5310 1188 5315; x_wconf 94' lang='lat'>-</span> <span class='ocrx_word' id='word_1_697' title='bbox 1884 5297 1889 5305; x_wconf 91' lang='lat'><strong>·</strong></span> 
     </span>
    </p>
   </div>
   <div class='ocr_carea' id='block_1_8' title="bbox 0 0 2374 6068">
    <p class='ocr_par' dir='ltr' id='par_1_10' title="bbox 0 0 2374 6068">
     <span class='ocr_line' id='line_1_49' title="bbox 0 0 2374 6068; baseline 0 3"><span class='ocrx_word' id='word_1_698' title='bbox 0 0 2374 6068; x_wconf 95' lang='lat' dir='ltr'> </span> 
     </span>
    </p>
   </div>
  </div>
 </body>
</html>
