4740 6068
323 378 368 450 12

253 596 269 625 a
392 561 517 629 XVIII.
558 558 645 644 Quid
670 557 776 643 ergo?
805 552 933 621 inimici
959 551 1085 635 oratio,
1114 568 1200 617 vana
1225 551 1434 637 praesertim,
1462 561 1529 619 tam
1556 549 1708 639 improbe
1732 555 1767 619 iu
1787 555 1994 621 clarissumos
2015 555 2110 623 viros

314 668 461 733 coniecta
482 687 536 727 me
555 663 685 725 movit?
714 666 771 724 Me
797 680 879 723 vero
899 679 969 722 non
999 661 1089 722 illius
1114 660 1239 741 oratio,
1271 670 1321 724 set
1348 679 1464 725 eorum
1494 660 1714 742 taciturnitas,
1740 661 1776 722 in
1805 679 1887 739 quos
1913 661 1972 723 illa
1999 663 2108 725 oratio

313 781 376 833 tam
396 771 551 851 improba
573 767 819 843 conserebatur3
851 764 1021 844 quitum,
1052 783 1254 844 quamquam
1275 767 1319 827 ob
1340 765 1420 828 alias
1444 787 1557 829 causas
1581 768 1752 842 tacebant,
1781 775 1890 827 tamen
1915 765 2108 828 bominibus

315 874 427 936 omnia
453 875 644 936 timentibus
673 873 812 933 tacendo
838 868 953 948 loqui,
976 888 1045 930 uon
1077 867 1250 931 infitiando
1278 869 1428 931 confiteri
1453 870 1660 931 videbantur.
1702 869 1757 929 llli
1776 880 1882 930 autem
1902 870 2014 948 aliquo
2036 880 2108 931 tum

275 979 430 1048 5timore
455 977 638 1061 perterriti,
668 978 761 1057 quod
788 984 859 1038 acta
886 974 945 1035 illa
973 984 1071 1053 atque
1098 994 1214 1038 omnes
1240 995 1294 1037 res
1321 974 1400 1036 anni
1421 975 1600 1057 superioris
1627 973 1858 1038 labefactarit
1879 975 2110 1054 praetoribus,

311 1082 473 1145 infirmari
500 1105 519 1145 a
546 1080 660 1145 senatu
688 1090 787 1160 atque
813 1077 1022 1159 principibus
1050 1077 1188 1140 civitatis
1215 1081 1394 1160 putabant,
1424 1080 1594 1141 tribunum
1623 1081 1821 1160 popularem
1848 1099 1870 1139 a
1900 1099 1936 1141 se
1963 1080 2108 1143 alienare

136 1184 141 1191 ’
234 1223 237 1228 2
279 1182 488 1269 *nolebant,
508 1208 634 1267 suaque
653 1187 718 1249 sibi
736 1183 896 1266 propiora
915 1181 1062 1263 pericula
1082 1202 1152 1244 esse
1174 1204 1271 1262 quam
1292 1203 1366 1245 mea
1386 1184 1619 1262 loquebantur.
1658 1184 1778 1257 41.Set
1794 1192 1904 1243 tamen
1928 1193 1960 1244 et
1975 1186 2109 1248 Crassus

311 1293 545 1362 aconsulibus
574 1312 682 1353 meam
708 1309 834 1352 causam
862 1287 1103 1368 suscipiendam
1130 1307 1201 1349 csse
1226 1287 1355 1351 dicebat
1382 1296 1555 1350 eteorum
1582 1287 1678 1350 fidem
1704 1288 1881 1368 Pompeius
1908 1286 2110 1369 implorabat

311 1415 419 1475 neque
437 1416 473 1458 se
492 1395 659 1477 privatum
679 1393 812 1475 publice
832 1401 1003 1473 susceptae
1024 1411 1141 1454 causae
1169 1391 1360 1455 defuturum
1386 1412 1458 1455 esse
1483 1392 1634 1456 dicebat:
1661 1413 1762 1472 quem
1788 1392 1895 1454 uirum
1920 1393 2109 1454 studiosum

255 1511 295 1575 10
315 1501 400 1572 mei,
431 1501 692 1580 cupidissumum
714 1499 763 1561 rei
782 1497 936 1579 publicae
962 1499 1225 1576 conservandae,
1253 1497 1345 1558 dorni
1373 1517 1462 1559 meae
1489 1497 1569 1559 certi
1587 1497 1740 1559 homines
1760 1499 1895 1559 adeam
1915 1517 1985 1558 rem
2005 1495 2110 1578 positi

311 1612 532 1682 monuerunt,
560 1613 597 1663 ut
618 1610 703 1665 esset
723 1602 865 1679 cautior3
895 1601 1031 1681 eiusque
1056 1601 1141 1663 vitae
1161 1621 1181 1662 a
1200 1622 1254 1663 me
1274 1600 1410 1664 insidias
1430 1611 1510 1683 aput
1530 1622 1582 1662 me
1613 1601 1703 1662 domi
1721 1601 1845 1681 positas
1865 1621 1937 1663 esse
1957 1598 2110 1662 dixerunt

311 1714 411 1783 atque
431 1708 519 1768 bauo
540 1707 570 1768 ei
591 1707 812 1787 suspicionem
832 1707 890 1769 alii
910 1706 1025 1768 litteris
1045 1705 1233 1785 mittendis,
1261 1706 1319 1767 alii
1338 1705 1482 1785 nuntiis,
1505 1703 1561 1766 alii
1586 1723 1700 1767 eoram
1719 1704 1786 1784 ipsi
1804 1705 2043 1784 excitaverunt,
2069 1712 2109 1764 ut

311 1809 387 1887 ille,
416 1830 492 1871 cum
512 1830 532 1872 a
550 1832 604 1872 me
624 1820 710 1873 certe
731 1811 816 1876 nihil
836 1811 983 1892 timeret,
1009 1814 1052 1874 ab
1072 1811 1159 1892 illis,
1185 1811 1330 1890 nequid
1350 1829 1427 1872 meo
1442 1805 1582 1871 'nomine
1601 1808 1814 1889 molirentur,
1843 1808 1908 1869 sibi
1928 1810 2109 1870 cavendum

311 1920 452 1992 putaret.
491 1913 567 1995 lpse
586 1924 697 1979 aulem
711 1919 847 1999 Caesar,
868 1937 968 1997 quem
988 1937 1142 1979 maxume
1161 1915 1314 1978 homines
1333 1913 1441 1997 ignari
1453 1913 1597 1976 veritatis
1611 1914 1694 1975 mibi
1707 1933 1778 1975 esse
1795 1915 1913 1975 iratum
1927 1914 2111 1993 putabant,

255 2017 294 2082 15
314 2025 384 2079 erat
403 2019 447 2079 ad
466 2027 597 2099 portas,
619 2031 690 2084 erat
707 2042 784 2083 cum
803 2022 963 2104 imperio,
983 2031 1052 2084 erat
1071 2022 1108 2083 in
1126 2020 1222 2082 Itatia
1242 2019 1312 2081 eius
1333 2016 1494 2090 exereitus
1512 2017 1616 2084 inque
1636 2033 1677 2069 eo
1696 2015 1842 2071 exercitu
1861 2014 1966 2092 ipsius
1982 2013 2109 2075 tribuni

309 2122 376 2201 pl.,
396 2121 523 2185 inimici
543 2123 628 2204 mei,
648 2127 784 2188 fratrem
805 2127 1019 2208 praefecerat.

387 2228 476 2286 XIII.
517 2246 567 2300 42·
581 2234 672 2287 Haeo
686 2248 766 2298 ..ὃν
779 2242 856 2276 eum
872 2227 1015 2276 vtuerem
1028 2216 1153 2292 (neque
1167 2210 1255 2274 enim
1268 2219 1362 2274 erant
1375 2214 1518 2295 occulta)
1530 2223 1698 2298 senatum,
1717 2218 1789 2281 sine
1807 2239 1874 2298 quo
1893 2219 2007 2283 civitas
2020 2231 2108 2286 stare

309 2343 379 2384 non
399 2331 532 2402 posset,
553 2318 690 2381 omnino
712 2320 755 2381 de
777 2317 907 2380 civitate
928 2336 1000 2378 esse
1020 2318 1206 2393 sublatum3
1231 2320 1403 2398 consules,
1428 2321 1487 2398 qui
1505 2320 1632 2401 publici
1652 2323 1772 2385 consili
1792 2325 1891 2386 duces
1914 2345 1986 2387 esse
2006 2329 2106 2390 debe-

211 2417 216 2427 ’
308 2435 394 2504 rent,
415 2424 605 2508 perfecisse,
625 2434 663 2485 ut
683 2445 744 2505 per
763 2422 852 2504 ipsos
872 2421 1044 2502 publicum
1065 2421 1240 2484 consilium
1262 2421 1412 2486 funditus
1433 2427 1620 2503 tolleretur;
1641 2447 1717 2507 eos,
1737 2427 1796 2507 qui
1815 2430 2007 2509 plurumum
2027 2451 2106 2512 pos-

251 2542 293 2606 90
311 2539 401 2610 seut,
422 2529 550 2611 opponi
571 2529 727 2590 omnibus
750 2527 963 2588 contionibus
983 2527 1084 2598 falso,
1105 2527 1164 2586 sed
1184 2525 1402 2588 formidolose
1415 2537 1544 2609 tamen,
1565 2540 1715 2594 auctores
1730 2534 1773 2593 ad
1786 2533 1966 2613 perniciem
1980 2557 2107 2614 meam3
2188 2556 2194 2566 ·

310 2637 482 2698 contiones
508 2635 624 2697 haberi
654 2632 804 2712 quotidie
832 2639 946 2692 contra
977 2647 1048 2704 me;
1079 2647 1196 2689 vocem
1221 2647 1283 2708 pro
1311 2649 1365 2689 me
1392 2649 1430 2690 ac
1456 2651 1519 2711 pro
1546 2653 1583 2695 re
1610 2634 1745 2714 publiea
1764 2636 1932 2698 neminem
1954 2637 2104 2718 mittere;

266 2798 274 2821 .
307 2741 434 2802 intenta
456 2739 551 2824 sigua
571 2738 740 2822 legionum
760 2731 938 2797 existimari
958 2730 1140 2792 cervicibus
1160 2731 1317 2794 achonis
1337 2732 1454 2795 vestris
1478 2734 1582 2814 salso,
1602 2739 1662 2796 sed
1678 2739 1789 2816 putari
1801 2749 1929 2816 tamem
1952 2743 2105 2804 coniura-

242 2906 250 2915 .,
308 2855 419 2907 torum
451 2841 565 2927 copias
592 2851 718 2903 veteres
745 2847 777 2900 ct
803 2831 943 2898 effusam
968 2835 1062 2897 illam
1088 2856 1126 2898 ae
1148 2842 1182 2913 {-
1205 2847 1392 2917 superatam
1419 2838 1576 2901 Catilinae
1603 2839 1827 2923 importunam
1856 2864 1990 2907 manum
2011 2867 2103 2909 novo

308 2952 392 3009 duce
412 2956 444 3006 et
465 2948 630 3024 insperata
650 2941 908 3005 commutatione
928 2961 1035 3005 rerum
1056 2961 1127 3004 esse
1147 2952 1361 3006 renovatam:
1380 2976 1422 2990 -
1441 2945 1523 3005 haec
1543 2964 1619 3005 cum
1647 2945 1813 3026 riderem,
1843 2949 1924 3026 quid
1951 2969 2105 3035 agerem,

250 3061 292 3126 25
310 3050 460 3114 iudices?
485 3048 538 3117 43.
552 3049 621 3112 scio
634 3049 723 3111 enim
737 3057 808 3110 tum
827 3066 897 3107 non
917 3044 1002 3107 mibi
1019 3054 1165 3108 vestrum
1185 3045 1346 3124 studium,
1365 3047 1425 3106 sed
1445 3066 1556 3107 meum
1575 3065 1683 3129 prope
1698 3057 1808 3110 vestro
1822 3050 1976 3116 defuisse.
2018 3058 2105 3117 Con-

242 3156 250 3177 *
309 3152 479 3217 tenderem
493 3162 608 3215 contra
621 3152 791 3214 tribunum
807 3152 853 3232 pl.
865 3149 1014 3229 privatus
1034 3149 1155 3210 armis?
1176 3148 1338 3215 Vicissent
1356 3147 1529 3230 improbos
1549 3152 1646 3232 boni,
1675 3151 1778 3215 sortes
1803 3154 1938 3218 inertis:
1969 3157 2102 3222 interlo-
2170 3226 2182 3243 ³

216 3328 226 3343 ¹
309 3269 381 3322 ctus
401 3266 486 3320 esset
505 3257 556 3336 is,
573 3257 631 3334 qui
644 3259 706 3317 hae
720 3275 788 3317 una
809 3253 971 3316 medicina
990 3255 1062 3316 sola
1081 3253 1224 3334 potuita
1242 3253 1289 3315 rei
1308 3251 1462 3336 publicae
1480 3265 1573 3335 peste
1593 3257 1725 3338 depelli.
1765 3259 2006 3340 Quiddeinde?
2028 3265 2103 3342 quis

152 3398 180 3427 .·
249 3366 257 3377 '
309 3363 430 3425 relicua
456 3362 660 3442 praestaret?
690 3358 750 3418 Cui
770 3358 915 3438 denique
935 3370 1004 3420 erat
1024 3358 1182 3438 dubium,
1209 3358 1292 3438 quin
1308 3359 1367 3421 itte
1385 3359 1520 3442 sangaris
1545 3361 1759 3441 tribunicius,
1786 3365 1880 3427 nullo
1905 3369 2126 3447 praesertim

309 3466 446 3545 publico
478 3463 618 3526 consilio
649 3462 827 3545 profusus,
859 3463 1012 3525 consules
1039 3464 1163 3524 ultores
1190 3472 1223 3525 et
1248 3445 1437 3525 defensores
1463 3473 1548 3529 esset
1571 3448 1772 3529 habiturus?
1803 3490 1879 3531 cum
1908 3472 2042 3549 quidam
2063 3472 2100 3534 in

250 3587 291 3651 30
311 3567 467 3631 contione
487 3567 621 3629 dixisset
640 3574 697 3627 aut
718 3566 800 3629 mibi
820 3569 922 3629 semel
942 3569 1150 3647 pereundum
1170 3576 1226 3629 aut
1245 3567 1297 3627 bis
1318 3586 1389 3628 esse
1403 3567 1613 3634 uincendum.
1653 3572 1741 3652 Quid
1755 3574 1910 3652 erat„bis
1924 3576 2101 3638 siucere“l

307 3677 351 3736 ld
370 3673 541 3758 profecto,
569 3680 622 3754 ut,
635 3690 726 3734 eum
746 3671 982 3734 amentissumo
1010 3670 1143 3733 tribuno
1170 3673 1217 3754 pl.
1237 3691 1314 3734 cum
1334 3673 1570 3753 decertassem,
1599 3692 1674 3734 eum
1703 3677 1894 3741 consulibus
1920 3680 2100 3760 ceterisque

377 3973 461 4027 ERN.
496 3975 739 4028 salemensem
761 3972 804 4026 10.
824 3968 905 4040 [domi
921 3970 1000 4034 meae]
1019 3968 1090 4023 lbid.
1108 3975 1241 4041 composita
1260 3968 1300 4023 17.
1317 3989 1365 4042 ego
1390 3970 1536 4039 23.susam
1567 3972 1640 4026 lbid.
1658 3976 1700 4039 [ae
1718 3977 1876 4046 superatura]
1903 3975 1974 4030 lbid.
1992 3997 2096 4033 mnam

308 4068 481 4132 importunam
516 4061 558 4113 28.
587 4061 654 4132 qnid
679 4062 850 4132 reliquiarum
878 4058 1010 4109 restaret?
1046 4057 1112 4128 quid
1133 4058 1242 4129 denique
1264 4056 1375 4121 (Nostra
1403 4057 1485 4110 lectio
1512 4058 1593 4110 σιίιιιιι
1618 4078 1633 4110 a
1658 4061 1799 4132 Madvigio
1824 4063 1956 4134 probata,
1985 4063 2098 4118 debens

310 4143 475 4209 Gulielmo.)
505 4146 546 4198 29.
564 4146 668 4218 quidem
683 4142 803 4217 (quidam
820 4141 896 4209 Vnt..)
2122 4149 2127 4158 ·

376 4315 503 4370 LEc'I'r.
539 4318 618 4370 abed.
655 4318 679 4371 2.
697 4336 749 4369 non
766 4319 844 4367 movit
861 4317 935 4368 illius
950 4313 1028 4367 abed.
1063 4315 1090 4368 3.
1106 4317 1187 4366 oliam
1204 4333 1308 4366 causam
1324 4315 1382 4367 abc.
1400 4334 1456 4367 non
1474 4314 1502 4370 d.
1537 4317 1564 4371 I.
1584 4317 1721 4388 officiendo
1739 4336 1755 4369 c
1771 4318 1837 4370 sola.
1882 4319 1958 4376 lbid.
1974 4323 2018 4374 illi
2033 4329 2100 4374 enim

193 4426 197 4433 ·
308 4401 373 4452 aeoli
389 4404 479 4452 timore
495 4419 534 4453 ac.
553 4421 608 4454 non
627 4401 673 4458 bd.
710 4403 735 4457 5.
753 4398 1145 4473 superiorisnnniab.noued.
1182 4401 1210 4453 6.
1224 4401 1404 4454 alimariabc.
1417 4399 1513 4457 nond.
1549 4400 1573 4456 7.
1592 4403 1722 4454 nolebant.
1757 4403 1792 4454 Et
1810 4414 1895 4455 tamea
1911 4416 1936 4456 et
1952 4404 2097 4460 Crassusa.

308 4484 379 4538 lbid.
396 4485 525 4555 putabant
541 4504 639 4558 suaque
654 4489 706 4538 stht
727 4491 852 4557 propiora
873 4486 991 4556 periculo
1014 4502 1163 4556 essequam
1186 4504 1242 4536 mea
1265 4487 1444 4567 loquebantur.
1483 4487 1629 4539 Tribunum
1645 4489 1801 4557 popularem
1818 4509 1835 4539 a
1854 4509 1880 4541 sc
1896 4492 2008 4543 alienari
2024 4493 2096 4544 nole·

308 4573 377 4624 bant.
419 4569 471 4624 Sed
496 4582 580 4622 ttamen
605 4589 628 4624 c.
673 4571 745 4625 lbid.
771 4591 823 4625 esse
843 4572 961 4643 pericula
987 4569 1005 4620 d
1028 4569 1094 4622 sola.
1138 4571 1162 4623 8.
1191 4568 1299 4623 crassus
1322 4585 1348 4624 et
1369 4571 1516 4623 consulibus
1540 4571 1583 4623 be.
1625 4573 1652 4624 9.
1674 4574 1778 4641 publice
1800 4594 1893 4627 causae
1915 4590 2047 4646 susceptam
2072 4595 2096 4628 a.

304 4657 425 4723 publicae
448 4673 539 4707 comae
565 4667 694 4724 susceptae
718 4656 759 4706 bc.
786 4673 843 4707 nou
868 4655 894 4708 d.
931 4654 972 4707 10.
988 4654 1129 4707 sanandae
1152 4673 1167 4706 a
1189 4654 1255 4710 sola.
1293 4653 1365 4709 lbid.
1390 4653 1503 4707 Ιιοιιιίικι
1527 4661 1662 4727 compositi
1677 4657 1722 4709 ab.
1741 4661 1812 4712 domi
1826 4680 1894 4719 meae
1910 4665 1974 4711 certi
1989 4664 2027 4711 ad
2042 4681 2097 4714 rem

303 4741 385 4804 positi
402 4757 425 4792 c.
460 4739 501 4792 Ut
523 4757 588 4802 nos,
605 4737 642 4793 ,d.
677 4739 720 4790 12.
739 4739 806 4790 lane
827 4746 882 4792 cius
907 4738 926 4790 d
948 4740 1014 4792 sola.
1056 4739 1099 4793 18.
1118 4750 1155 4790 tot
1173 4742 1219 4793 tlte
1235 4758 1250 4792 a
1267 4742 1334 4798 sola.
1369 4740 1411 4794 11.
1426 4752 1532 4810 putaret
1548 4741 1578 4792 L.
1597 4746 1650 4812 ipse
1668 4738 1766 4799 Caesar
1782 4761 1797 4793 a
1815 4744 1882 4796 sola.
1919 4742 1993 4796 Ibtd.·
2010 4751 2119 4815 ignari.

217 4820 223 4831 ¹
306 4817 617 4879 humolariensi.
653 4821 695 4878 15.
714 4836 770 4875 erat
786 4824 822 4874 ud
834 4837 926 4895 portas
942 4846 1000 4876 eum
1016 4831 1122 4897 imperio
1141 4825 1200 4878 abc.
1217 4845 1272 4878 non
1292 4827 1319 4879 d.
1354 4824 1396 4881 17.
1413 4844 1461 4895 ego
1479 4826 1537 4877 abe.
1555 4843 1610 4878 non
1629 4826 1656 4878 d.
1692 4829 1734 4880 20.
1752 4828 1798 4879 sed
1812 4839 1837 4877 et
1852 4830 2000 4896 formida
2024 4828 2090 4879 sola.

306 4901 347 4953 28.
367 4919 458 4960 veteres
470 4915 557 4979 copias
568 4909 646 4963 abed.
683 4908 755 4962 lbid.
773 4928 876 4960 umnam
893 4914 1064 4980 importunam
1080 4911 1140 4962 abc.
1157 4928 1212 4963 uon
1233 4912 1260 4966 d.
1290 4913 1332 4966 28.
1352 4911 1391 4963 Ut
1408 4911 1487 4972 Ero„
1505 4909 1584 4965 abed.
1620 4913 1664 4966 29.
1680 4912 1795 4963 consules
1811 4925 1928 4966 auctores
1945 4914 2094 4966 a.eonaules

306 4999 402 5039 tutores
419 5009 441 5041 c.
472 4992 512 5043 Ut
531 5012 596 5059 nos,
615 4994 663 5050 bd.
698 4993 770 5050 lbid.
789 4996 892 5068 quidem
910 4994 988 5048 abed.
1023 4999 1066 5051 st.
1083 5015 1141 5049 eum
1158 5009 1251 5052 ament.
1268 5017 1327 5067 eum
1345 4998 1448 5050 tribuno
1462 4997 1502 5067 pl.
1519 4997 1571 5049 dec.
1589 5014 1604 5047 a
1622 4997 1689 5049 sola.

308 5159 499 5301 1833LEC3'17'}
518 5163 611 5219 ItIEItI.
646 5167 687 5222 23.
706 5169 740 5225 lu
763 5168 875 5224 eandem
900 5179 982 5251 atque
1004 5187 1054 5240 ego
1078 5169 1150 5222 coni.
1172 5187 1203 5222 oe
1220 5170 1372 5242 dissipatam
1395 5167 1494 5227 incidis
1519 5168 1598 5224 etiam
1617 5169 1757 5225 Dobraeus
1775 5167 1860 5224 Adra.
1878 5168 1912 5225 Τ.
1930 5168 1954 5222 2.
1975 5166 2096 5223 Londini

392 5265 418 5316 p.
489 5285 496 5300 .
