4740 6068
318 387 342 455 ὃ

397 567 495 630 vut.
524 571 568 630 ru.
589 565 679 626 Alter
692 562 870 648 unguentis
883 561 1034 643 aillueus,
1055 559 1275 626 calamistrata
1290 580 1400 643 coma,
1414 562 1599 645 despiciens
1612 562 1763 626 conscios
1776 572 1967 644 stuprorum
1980 582 2018 625 ac
2031 570 2125 626 rete-

285 749 287 753 ,
317 692 370 736 res
401 680 573 733 vexatores
601 668 763 731 aetatulae
789 688 887 748 suae,
915 665 1042 749 puteali
1068 675 1101 729 et
1127 666 1354 730 feneratorum
1378 669 1536 752 gregibus
1562 668 1715 746 indatus,
1745 689 1765 729 a
1785 668 1906 747 quibus
1926 669 2124 748 compulsus

318 779 418 856 olim,
438 796 482 836 ne
501 773 538 837 in
556 775 710 856 Scyllaeo
731 773 791 835 illo
813 773 898 836 aeris
919 773 1021 836 alieni
1039 783 1208 854 tamquam
1229 772 1265 834 in
1286 772 1372 836 ireto
1391 775 1434 836 ad
1454 775 1642 836 columnam
1665 775 1932 851 adhaeresceret,
1960 771 1995 832 in
2016 771 2123 832 tribu·

317 893 413 945 natus
432 890 568 963 portum
589 878 798 963 perfugerat,
830 879 1062 941 contemnebat
1088 877 1215 958 equites
1236 881 1425 960 Romanos,
1456 878 1670 941 minitabatur
1698 877 1845 958 senatui,
1874 876 2063 939 venditabat
2083 895 2124 938 se

279 1000 299 1058 5
320 987 431 1071 operis
451 996 551 1066 atque
571 987 613 1047 ab
633 984 674 1048 iis
694 1005 731 1047 se
751 993 921 1066 ereptum,
953 1003 995 1046 ne
1023 986 1065 1046 de
1090 983 1218 1047 ambitu
1246 1004 1380 1046 causam
1406 983 1551 1064 diceret,
1578 982 1790 1065 praedicabat
1814 980 1856 1042 ab
1876 982 2063 1061 iisdemque
2082 1001 2123 1046 se

317 1095 416 1157 ctiam
436 1092 541 1153 invito
562 1100 677 1154 senatu
698 1087 905 1171 provinciam
926 1107 1059 1169 sperare
1073 1087 1220 1165 dicebat3
1242 1108 1383 1168 eamque
1398 1088 1464 1152 nisi
1479 1092 1620 1171 adeptus
1634 1098 1734 1161 esset,
1754 1106 1790 1148 se
1805 1085 2007 1148 incolumem
2019 1087 2120 1147 nullo

317 1204 420 1261 modo
441 1199 514 1260 fore
534 1194 765 1259 arbitrabatur.
808 1215 854 1272 ¹9·
876 1193 980 1270 Alter,
1001 1211 1023 1254 c
1043 1192 1091 1254 dii
1109 1192 1209 1255 bonit
1230 1213 1330 1273 quam
1345 1203 1427 1257 teter
1445 1193 1636 1257 incedebat!
1656 1212 1756 1272 quam
1777 1190 1999 1253 truculentus!
2019 1210 2122 1269 quarn

317 1302 472 1364 terribilis
493 1303 668 1382 adspectu!
699 1301 813 1358 Unum
840 1295 985 1375 aliquem
1012 1305 1044 1359 te
1070 1318 1111 1359 ex
1138 1297 1283 1360 barbatis
1304 1297 1391 1379 illis,
1424 1302 1613 1383 exemplum
1634 1297 1755 1380 imperi
1774 1294 1910 1374 veteris,
1939 1294 2121 1378 imaginem

316 1406 538 1487 antiquitatis,
559 1406 715 1468 columen
735 1401 784 1463 rei
803 1401 957 1483 publicae
977 1402 1103 1466 diceres
1122 1402 1253 1466 intueri.
1297 1404 1441 1466 Vestitus
1459 1420 1577 1486 aspere
1596 1412 1710 1466 nostra
1729 1404 1792 1464 bac
1816 1420 1966 1482 purpura
1987 1400 2123 1480 plebeia

259 1508 300 1570 10
319 1533 357 1573 ac
377 1531 484 1592 paene
504 1510 610 1585 lusca3
633 1507 754 1589 capillo
775 1506 821 1568 ita
840 1507 994 1586 horrido,
1014 1519 1050 1570 ut
1070 1511 1196 1590 Capua,
1216 1511 1252 1573 in
1272 1531 1338 1591 qua
1357 1510 1429 1593 ipse
1449 1521 1519 1572 tum
1540 1507 1694 1591 imaginis
1707 1506 1878 1570 ornandae
1890 1523 1988 1566 eausa
2001 1505 2124 1565 duum-

315 1615 459 1675 viratum
479 1615 631 1697 gerebat,
659 1613 839 1695 Seplasiam
861 1615 1050 1678 sublaturus
1068 1615 1248 1678 videretur.
1290 1617 1374 1676 Nam
1395 1614 1479 1694 quid
1501 1632 1564 1696 ego
1586 1614 1629 1673 de
1656 1611 1838 1694 supercilio
1867 1610 1997 1690 dicam,
2026 1610 2122 1688 quod

316 1729 386 1780 tum
407 1714 600 1780 hominibus
621 1739 692 1780 non
713 1718 947 1802 supercilium,
975 1723 1035 1783 sed
1059 1720 1182 1805 pignus
1207 1719 1257 1782 rei
1281 1718 1435 1802 publicae
1460 1719 1658 1780 videbatur?
1688 1718 1795 1778 Tanta
1821 1725 1891 1777 erat
1916 1714 2060 1799 gravitas
2082 1713 2122 1775 in

316 1824 439 1904 oculo„
463 1833 553 1886 tauta
581 1824 762 1887 contractio
792 1824 929 1905 frontis,
960 1835 998 1887 ut
1026 1824 1086 1887 illo
1116 1823 1296 1908 supercilio
1323 1844 1430 1888 annus
1456 1824 1514 1887 ille
1543 1821 1604 1884 niti
1630 1830 1799 1901 tamquam
1826 1822 1912 1881 vade
1939 1820 2121 1881 videretur.

315 1950 363 1990 ao.
375 1933 451 1990 Erat
464 1929 518 1991 hic
532 1930 683 1991 omnium
696 1947 823 1992 sermo:
844 1931 925 2010 „Est
938 1938 1049 1992 tamen
1060 1929 1110 1993 rei
1122 1929 1277 2013 publicae
1290 1949 1449 2013 maguum
1464 1928 1666 2005 firmumque
1678 1924 1881 2005 subsidium
1894 1926 2003 1986 habeo
2018 1943 2121 2003 quem

256 2043 296 2105 15
317 2054 484 2117 opponam
506 2036 573 2098 labi
593 2035 644 2097 illi
664 2045 764 2114 atque
784 2054 909 2115 coen03
929 2036 1023 2097 voltu
1044 2035 1274 2098 mediusfidius
1294 2036 1443 2107 collegae
1461 2033 1514 2086 sui
1534 2032 1706 2084 libidinem
1725 2031 1959 2103 levitatemque
1973 2026 2123 2107 franget3

314 2139 451 2202 habebit
471 2150 604 2203 senam,
623 2139 658 2201 in
679 2143 770 2203 hunc
790 2160 915 2202 annum
936 2161 1036 2218 quem
1056 2147 1231 2204 aequatum
1257 2145 1327 2187 non
1348 2126 1453 2190 deerit
1472 2135 1588 2188 auctor
1605 2135 1639 2190 et
1658 2128 1727 2187 dux
1746 2127 1876 2188 bonis.“
1916 2128 2121 2219 Mihi-deni-

316 2264 382 2320 que
401 2246 556 2302 homines
576 2245 754 2316 praecipue
773 2239 1043 2313 gratulabantur,
1073 2230 1166 2308 quod
1185 2228 1358 2293 habiturus
1379 2249 1485 2293 essem
1506 2241 1619 2293 contra
1642 2230 1811 2294 tribunum
1831 2234 1878 2315 pl.
1898 2233 2063 2296 furiosum
2085 2245 2119 2297 et

316 2344 476 2404 audacem
498 2359 573 2401 cum
595 2334 738 2398 amicum
760 2343 792 2396 ct
813 2330 963 2412 affinem,
987 2341 1058 2396 tum
1080 2332 1178 2395 etinin
1199 2332 1321 2397 fortem
1342 2344 1375 2398 et
1394 2354 1529 2420 gravem
1550 2338 1736 2399 consulem.

396 2446 454 2508 1x.
495 2447 601 2521 Atque
623 2460 738 2503 eorum
760 2440 843 2501 alter
861 2436 979 2499 fefellit
999 2439 1178 2502 nemiuem.
1220 2439 1300 2526 Quis
1321 2440 1410 2503 enim
1430 2441 1562 2503 clavum
1582 2441 1662 2503 tanti
1681 2441 1801 2524 imperi
1822 2454 1935 2506 tenere
1953 2453 1986 2506 et
1998 2446 2121 2528 guber·

257 2565 298 2627 20
317 2552 435 2614 nacula
456 2548 504 2611 rei
524 2545 679 2629 publicae
705 2552 842 2605 tractare
868 2541 903 2602 in
924 2561 1081 2604 maxumo
1107 2563 1204 2605 eursu
1232 2564 1271 2606 ac
1292 2544 1446 2606 fluctibus
1466 2564 1566 2625 posse
1586 2547 1802 2608 arbitraretur
1819 2549 1990 2611 hominem
2014 2569 2121 2612 emen

314 2676 389 2717 sum
409 2653 520 2717 subito
542 2672 581 2712 ex
603 2647 766 2710 diuturnis
787 2645 932 2707 tenebris
951 2647 1132 2706 lustrorum
1153 2666 1192 2708 ac
1223 2655 1434 2728 stuprorum,
1472 2648 1553 2710 vino
1585 2651 1699 2734 ganeis
1730 2652 1903 2714 lenociniis
1933 2653 2119 2716 adulteriis·

315 2781 380 2839 que
401 2758 612 2821 coniectum?
644 2774 720 2817 cum
741 2752 769 2812 is
789 2757 922 2829 praeter
940 2766 1035 2829 spem
1055 2748 1091 2811 in
1112 2750 1284 2815 altissumo
1304 2751 1410 2835 gradu
1430 2752 1547 2814 alienis
1570 2755 1689 2834 opibus
1705 2757 1834 2834 positus
1849 2769 1950 2837 esset,
1970 2760 2118 2836 quinon

313 2867 413 2928 modo
434 2870 661 2944 tempestatem
682 2853 930 2935 impendentem
950 2850 1073 2916 intueri
1092 2857 1313 2938 temulentus,
1340 2867 1390 2919 set
1408 2875 1452 2919 ne
1471 2857 1580 2919 lucem
1602 2857 1737 2936 quidem
1757 2857 1924 2921 insolitam
1944 2860 2118 2941 adspicere

313 2967 452 3052 posset?
474 2986 524 3027 ar.
539 2963 629 3022 Alter
642 2961 764 3021 multos
777 2959 877 3040 plane
898 2957 935 3020 in
955 2957 1064 3022 omnis
1081 2959 1184 3042 partis
1205 2960 1332 3024 fefellit.
1373 2964 1451 3025 Erat
1463 2961 1552 3024 enim
1572 2963 1749 3025 bominum
1771 2964 1924 3047 opinioni
1944 2966 2118 3030 nobilitate

256 3089 296 3152 95
315 3073 408 3155 ipsa,
438 3070 561 3132 blanda
588 3063 862 3144 conciliatricula,
893 3067 1154 3128 commendatus.
1193 3067 1317 3127 Omnes
1343 3066 1426 3126 boni
1451 3084 1585 3148 semper
1609 3067 1779 3131 nobilitati
1802 3069 1951 3132 favemus
1977 3080 2010 3132 et
2036 3071 2115 3151 quia

314 3178 426 3240 utilest
446 3175 496 3238 rei
514 3173 670 3257 publicae
690 3169 813 3232 nobilis
839 3167 992 3230 homines
1020 3189 1092 3232 esse
1119 3170 1239 3254 dignos
1263 3167 1445 3233 maioribus
1468 3170 1537 3234 suis
1558 3181 1590 3233 et
1611 3171 1689 3251 quia
1709 3175 1797 3236 valet
1815 3178 1906 3258 apud
1926 3196 1990 3240 nos
2008 3180 2116 3240 claro-

313 3306 388 3346 rum
416 3281 592 3344 hominurn
618 3288 650 3338 et
675 3279 760 3337 bene
788 3275 828 3333 de
854 3272 1050 3353 republica
1080 3274 1274 3337 meritorum
1305 3276 1466 3340 memoria
1493 3276 1592 3339 etiam
1620 3288 1841 3346 mortuorum.
1868 3282 1968 3365 ‚Quia
1988 3283 2115 3348 tristem

314 3408 469 3468 semper,
484 3385 563 3463 quia
584 3379 802 3457 taciturnum,
823 3377 902 3456 quia
921 3378 1158 3442 subhorridum
1179 3391 1280 3461 atque
1299 3381 1460 3443 incultum
1480 3381 1638 3445 videbant
1657 3393 1689 3445 et
1711 3387 1803 3464 quod
1820 3397 1890 3449 erat
1907 3390 2116 3469 eonomine,

316 3499 353 3548 ut
373 3489 564 3569 ingenerata
591 3482 736 3545 familiae
765 3481 936 3566 frugalitas
965 3483 1151 3569 videretur,
1177 3487 1351 3568 favebant,
1375 3490 1565 3592 gaudebant
1588 3500 1621 3551 et
1642 3492 1685 3551 ad
1705 3490 1925 3576 integritatem
1947 3492 2114 3556 maiorum

256 3599 298 3665 30
317 3611 376 3673 spe
389 3611 449 3653 sua
462 3587 633 3649 hominem
647 3587 809 3648 vocabant
823 3588 961 3670 materni
973 3590 1102 3674 generis
1116 3591 1222 3653 obliti.
1265 3613 1314 3655 aa.
1327 3596 1398 3675 Ego
1412 3602 1521 3654 autem
1536 3597 1636 3672 (vere
1656 3594 1779 3667 dicam,
1799 3596 1965 3676 iudices,)
1985 3607 2115 3662 tantum

315 3719 386 3762 esse
407 3696 442 3758 in
463 3693 600 3757 homine
621 3691 753 3756 sceleris
783 3692 939 3754 audaciae
959 3695 1177 3777 crudelitatis,
1207 3706 1368 3776 quantum
1387 3696 1460 3778 ipse
1489 3718 1564 3759 cum
1586 3720 1622 3760 re
1642 3697 1777 3780 publica
1796 3698 1899 3779 sensi,
1929 3676 2114 3781 numquam

314 3801 439 3884 putavi.
479 3803 630 3879 Nequam
651 3817 722 3862 esse
742 3797 913 3860 hominem
934 3807 966 3862 et
985 3800 1094 3864 levem
1114 3810 1146 3865 et
1164 3800 1247 3865 falsa
1271 3801 1449 3884 opinione,
1478 3821 1591 3866 errore
1616 3803 1792 3868 hominum
1819 3804 1862 3867 ab
1890 3805 2115 3872 adulescentis

385 4063 468 4117 ERN.
506 4064 531 4114 2.
549 4064 657 4132 inflatus
673 4073 753 4133 atque
766 4063 901 4133 perculsus
919 4062 996 4123 oum,
1014 4080 1045 4115 ne
1060 4060 1183 4135 Sestiaca
1201 4067 1248 4117 itta
1265 4070 1334 4119 aeris
1350 4069 1432 4120 aheni
1447 4072 1474 4119 in
1482 4070 1559 4137 freto
1596 4066 1639 4121 13.
1649 4068 1786 4139 supercilio
1798 4086 1839 4120 res
1856 4068 1963 4137 publiea
1980 4079 2114 4141 tamquam

218 4148 233 4175 s
316 4148 430 4202 Atlante
440 4151 540 4201 emtum
550 4151 602 4198 uiti
612 4166 638 4199 v.
648 4144 799 4216 (supercilio
811 4164 895 4199 annus
911 4148 957 4199 ille
975 4160 1026 4203 cet.
1043 4145 1198 4221 Madvigius
1215 4152 1335 4224 vestigiis
1353 4149 1443 4206 codd.
1468 4163 1496 4207 ct
1519 4149 1629 4208 Valerio
1650 4153 1740 4206 Probo
1762 4172 1790 4226 p.
1815 4151 1883 4225 stit
1907 4151 1951 4219 Ρ.)
1985 4154 2027 4207 tu
2045 4156 2113 4208 Erat

317 4235 426 4303 denique
444 4232 485 4286 irie
520 4234 564 4287 30.
580 4252 640 4286 vste
657 4233 705 4284 Aac
722 4233 806 4284 dicum

388 4381 515 4438 Luct‘r.
551 4384 631 4438 abed.
667 4386 691 4441 2.
706 4384 821 4457 putealis
839 4385 903 4453 ets.
921 4403 948 4455 g.
967 4387 1075 4458 inflatus
1097 4400 1176 4459 atque
1195 4390 1330 4459 perculsus
1352 4392 1416 4445 olim
1428 4391 1572 4447 Neseuieio
1594 4393 1643 4444 uto
1659 4396 1727 4444 aeris
1744 4391 1826 4442 alieni
1848 4395 1876 4443 in
1884 4393 1962 4460 freto
1978 4409 2005 4444 s.
2040 4391 2110 4444 item

316 4470 362 4530 b.,
380 4466 445 4524 sed:
463 4488 494 4519 ne
510 4467 629 4537 Scyllaeo
645 4472 792 4542 -puteali
807 4471 869 4539 ets.
885 4488 912 4540 g.
930 4472 1038 4542 inflatus
1053 4484 1132 4545 atque
1145 4477 1280 4545 perculsus
1297 4477 1360 4528 olim
1376 4477 1517 4530 Herculeio
1535 4480 1582 4530 illo
1600 4482 1667 4530 aeris
1683 4478 1766 4529 altem
1780 4477 1895 4548 instato
1912 4496 1938 4532 e.
1951 4477 2066 4550 putealis
2083 4490 2110 4529 et

311 4558 337 4621 f.
355 4574 381 4626 g.
401 4560 418 4608 i.
434 4565 515 4626 atque
531 4555 695 4624 conspuitur:
720 4558 783 4608 oiim
800 4575 832 4607 ne
847 4553 968 4626 Scyllaeo
991 4558 1039 4609 uto
1054 4563 1122 4610 aeris
1138 4561 1219 4612 alani
1234 4564 1263 4612 in
1270 4562 1347 4629 freto
1364 4561 1390 4615 d.
1425 4563 1450 4616 ¹t.
1467 4570 1496 4616 ni
1513 4569 1540 4616 in
1558 4565 1706 4616 tribunatus
1727 4574 1833 4632 portum
1858 4565 1990 4635 iusugerct
2007 4583 2022 4616 a
2040 4562 2110 4618 sols.

316 4639 342 4692 6.
354 4640 590 4703 essentiatum
602 4655 617 4688 c
627 4637 693 4710 sola.
712 4641 738 4692 9.
756 4660 831 4712 asper
841 4637 920 4693 abed.
938 4639 1011 4701 ibid,
1026 4654 1115 4695 nocua
1126 4660 1178 4697 om.
1191 4644 1208 4696 b
1220 4642 1288 4699 sola.
1305 4648 1347 4705 10.
1363 4652 1390 4699 in
1402 4665 1483 4700 oms
1500 4647 1567 4701 sola.
1586 4645 1659 4700 ibid.
1667 4648 1829 4717 formandae
1846 4646 1925 4700 abed.
1960 4649 2004 4701 11.
2018 4648 2115 4699 duun-

316 4727 403 4777 uc'rum
419 4726 525 4796 gerebat
540 4727 642 4796 saepius
659 4726 712 4775 iam
728 4724 847 4777 subintus
865 4727 919 4781 uid.
936 4745 952 4778 a
969 4722 1035 4782 soli.
1069 4726 1112 4781 13.
1120 4728 1225 4797 frontis
1241 4735 1382 4783 convectio
1400 4732 1480 4786 abed.
1514 4735 1653 4802 supercilio
1677 4746 1811 4809 tanquam
1827 4731 2046 4786 Rhadamanthus
2063 4734 2110 4785 stu

316 4813 368 4859 niti
389 4829 413 4862 v.
438 4831 463 4862 a.
488 4811 528 4863 Ut
551 4811 631 4872 Em„
657 4807 746 4863 abed.
789 4810 830 4864 ll.
854 4811 921 4863 Erat
945 4812 1052 4887 denaque
1074 4811 1117 4863 Aio
1140 4815 1198 4867 abc.
1237 4816 1279 4870 11.
1296 4827 1334 4867 est
1351 4817 1453 4868 tandem
1470 4836 1484 4869 s
1503 4817 1570 4871 sols.
1605 4818 1645 4872 15.
1665 4818 1956 4890 lenitatemquecsola.
1989 4816 2112 4870 lieen-

277 4968 280 4972 Δ
316 4897 520 4962 gratulabantur
544 4898 643 4951 asols.
679 4898 723 4955 18.
747 4915 805 4949 sum
828 4911 853 4950 et
878 4903 989 4950 amicum
1011 4919 1050 4955 ac.
1075 4911 1131 4952 turn
1153 4908 1265 4956 amicum
1281 4902 1309 4958 d.
1344 4902 1386 4956 Ut
1403 4922 1465 4964 uos,
1484 4903 1510 4956 b.
1545 4904 1592 4957 23.
1607 4909 1705 4957 intueri
1726 4902 1910 4973 impendentem
1926 4904 1986 4955 aba.
2004 4917 2061 4954 nou
2080 4898 2108 4952 d.

317 4977 362 5031 21.
379 4985 497 5047 opinione
514 5000 530 5033 e
546 4982 615 5037 sola.
647 4984 692 5038 26.
705 4984 806 5037 nobiles
823 5001 875 5036 esse
892 4982 1005 5040 bruna
1022 5004 1038 5040 s
1055 4985 1123 5042 sola.
1157 4986 1199 5045 27.
1217 4987 1350 5043 hminum
1374 5006 1450 5042 serua
1467 4990 1498 5042 de
1517 4988 1576 5042 she.
1594 5006 1650 5042 nou
1668 4986 1697 5041 d.
1732 4983 1807 5042 ibid.
1836 4986 1910 5063 Quia
1932 5003 1990 5038 suna
2011 4989 2111 5039 tristem

318 5061 420 5115 bsols.
454 5065 498 5117 3⁰.
513 5083 573 5119 uere
589 5066 637 5120 Aac
654 5069 739 5120 dicam
756 5068 774 5121 b
791 5068 858 5123 sola.

387 5200 512 5254 LEC‘IT.
530 5201 623 5257 ΜΕΜ.
658 5208 685 5261 2.
702 5212 811 5279 infestus
827 5208 984 5266 Muellerus.
1000 5210 1122 5286 (inflatur
1144 5214 1227 5266 alicui
1250 5231 1300 5267 nec
1316 5212 1467 5284 significare
1484 5223 1589 5285 potest,
1612 5222 1643 5264 nt
1664 5211 1813 5283 opinantur
1836 5209 1919 5266 Klots
1936 5223 1966 5266 st
1981 5210 2109 5286 Madvig,
2169 5278 2175 5288 ι

318 5285 447 5348 „iratus“
464 5304 552 5361 neque
568 5288 682 5343 omnino
701 5290 932 5353 Lattue'dlcitnr:
949 5315 1010 5354 nam
1027 5299 1109 5374 longe
1127 5298 1265 5370 discrepes
1277 5300 1371 5353 taam
1387 5302 1483 5372 inflare
1497 5299 1580 5352 auaui
1594 5296 1728 5364 Horatii.)
