4740 6068
1885 393 1906 459 5

107 565 331 653 stringerem?
362 568 416 630 Set
444 586 541 651 agam
565 568 736 631 moderate
761 575 794 630 et
819 564 920 631 buius
944 562 1057 648 potius
1080 565 1223 651 tempori
1247 565 1389 629 serviam
1421 587 1521 646 quam
1544 568 1654 635 dolori
1674 591 1770 633 meo:
1799 573 1906 652 siqui

108 676 235 737 occulte
254 695 274 736 a
293 674 400 735 salute
419 684 533 734 nostra
553 671 770 752 dissentiunt,
790 673 929 749 lateaut3
950 670 980 734 si
999 669 1060 750 qui
1079 671 1229 735 fecerunt
1249 671 1377 751 aliquid
1395 672 1575 750 aliquando
1588 683 1688 753 atque
1701 675 1802 739 iidem
1819 698 1907 747 nuuc

106 786 216 841 tacent
237 785 268 841 et
289 777 481 857 quiescunt,
504 795 567 838 nos
588 795 723 855 quoque
744 775 848 837 simus
869 772 985 854 obliti3
1006 776 1035 838 si
1058 775 1117 854 qui
1137 795 1173 839 se
1194 770 1356 857 offerunt,
1375 776 1595 857 insectantur,
1617 780 1729 859 quoad
1748 779 1830 842 ferri
1849 802 1910 864 po·

107 890 235 962 terunt,
254 881 479 963 perferemus;
499 900 609 960 neque
632 900 834 959 quemquam
856 875 1004 943 offendet
1024 880 1131 943 oratio
1153 898 1244 960 mea,
1263 880 1329 945 uisi
1349 881 1409 960 qui
1428 901 1464 943 se
1482 881 1528 943 ita
1543 882 1714 966 obtulerit,
1735 883 1908 950 utineam

106 1006 177 1049 uon
190 986 363 1065 invasisse,
386 995 436 1047 set
448 981 670 1047 incucurrisse
684 984 866 1047 videamur.
892 988 939 1048 1-5.
953 987 1007 1047 Set
1019 994 1199 1063 necessest,
1214 996 1390 1064 antequam
1410 988 1453 1048 de
1465 987 1633 1049 tribunatu
1648 990 1687 1051 P.
1701 988 1784 1052 Sesti
1799 989 1907 1053 dicere
1928 996 1948 1058 5

109 1088 287 1171 incipiam,
312 1097 493 1150 metatum
513 1089 697 1169 superioris
717 1088 796 1151 anni
816 1088 1039 1172 reipublicae
1059 1089 1270 1173 naufragium
1291 1109 1479 1173 exponere,
1507 1091 1544 1154 in
1571 1112 1640 1172 quo
1661 1093 1850 1177 colligendo
1871 1114 1909 1157 ac

107 1192 286 1258 reficienda
304 1195 410 1255 salute
430 1193 601 1256 communi
622 1194 734 1256 omnia
753 1193 960 1277 reperientur
979 1198 1016 1258 P.
1036 1193 1119 1258 Sesti
1138 1195 1223 1257 faeta
1243 1194 1331 1257 dicta
1351 1194 1490 1259 consilia
1509 1207 1649 1261 versata.

192 1298 268 1359 vlt.
309 1300 428 1360 Fuerat
453 1297 512 1361 ille
544 1317 650 1361 annua
677 1298 743 1362 iam
769 1296 804 1360 iu
831 1318 868 1361 re
894 1297 1046 1381 publica,
1074 1299 1217 1380 iudices,
1244 1320 1320 1362 cum
1348 1299 1384 1361 iu
1409 1321 1532 1384 magua
1557 1311 1651 1364 motu
1677 1311 1710 1364 et
1729 1303 1909 1365 multorum

107 1402 227 1465 timore
243 1399 390 1464 intentus
411 1411 461 1465 est
480 1422 576 1466 arcus
596 1403 632 1466 iu
650 1424 706 1468 me
725 1424 848 1486 unum,
866 1402 953 1467 sicut
975 1405 1077 1488 volgo
1097 1404 1206 1487 ignari
1225 1424 1337 1466 rerum
1358 1405 1603 1486 loquebantur,
1621 1426 1658 1467 re
1679 1404 1814 1486 quidem
1831 1427 1909 1469 tera

104 1505 141 1568 in
162 1505 351 1568 universam
371 1527 441 1569 rem
462 1508 648 1589 publicam,
675 1509 881 1572 traductione
901 1511 946 1571 ad
965 1512 1098 1591 plebem
1119 1509 1293 1572 furibundi
1312 1509 1458 1572 hominis
1480 1531 1517 1572 ac
1538 1510 1677 1592 perditi,
1705 1510 1789 1571 mihi
1811 1511 1906 1593 irati,
1929 1521 1968 1583 10

105 1624 156 1676 set
175 1613 283 1675 multo
305 1609 412 1673 acrius
435 1611 482 1673 oti
501 1621 534 1674 et
564 1614 750 1677 communis
778 1614 891 1677 salutis
917 1613 1055 1677 inimici.
1095 1619 1194 1678 Hunc
1223 1615 1274 1676 vir
1300 1615 1512 1678 clarissumus
1536 1614 1688 1694 mihique
1715 1613 1828 1677 multis
1854 1636 1910 1676 re-

106 1714 333 1800 pugnantibus
352 1715 600 1798 amicissumus‚
622 1722 680 1781 Cn.
701 1720 900 1809 Fompeius,
928 1718 1021 1781 omui
1042 1719 1195 1782 cautione
1215 1719 1347 1783 foedere
1367 1717 1592 1782 exsecratione
1613 1717 1806 1780 devinxerat
1825 1718 1910 1781 nihil
1936 1780 1949 1799 ,,

105 1821 143 1882 in
164 1820 331 1881 tribunatu
358 1830 472 1882 contra
500 1844 554 1885 me
582 1843 654 1886 esse
681 1823 857 1888 facturum.
897 1827 998 1908 Quod
1024 1823 1081 1887 ille
1108 1823 1270 1904 nefarius,
1298 1845 1340 1886 ex
1363 1823 1514 1886 omnium
1534 1825 1697 1885 scelerum
1718 1819 1910 1884 colluvione

105 1934 224 2004 natus,
250 1944 370 2004 parum
398 1944 435 1987 se
461 1925 581 1989 foedus
608 1926 810 1991 violaturum
838 1928 1016 1993 arbitratus
1041 1939 1109 2009 est,
1142 1930 1207 1993 nisi
1232 1930 1344 2012 ipsum
1371 1939 1537 1992 cautorem
1557 1926 1659 1989 alieni
1678 1924 1820 2007 periculi
1838 1924 1910 1986 suis

102 2027 248 2110 propriis
269 2029 424 2107 periculis
444 2029 621 2087 terruisset.
666 2038 712 2088 ιδ.
728 2037 825 2094 Hanc
844 2042 960 2095 tetram
979 2033 1225 2115 immanemque
1241 2037 1373 2098 beluam
1387 2035 1532 2097 tinctam
1546 2031 1719 2115 auspiciis,
1740 2030 1907 2115 alligatam
1929 2031 1968 2095 15

107 2151 201 2193 more
224 2129 411 2209 maiorum,
439 2127 651 2191 constrictam
678 2130 791 2210 legum
818 2143 1019 2190 sacratarum
1046 2139 1170 2200 eatenis
1197 2141 1297 2203 solvit
1322 2140 1433 2202 subito
1458 2140 1534 2224 lege
1555 2138 1680 2201 curiata
1700 2138 1817 2199 consul
1836 2136 1911 2214 vel,

104 2245 142 2298 ut
162 2253 226 2319 ego
246 2233 405 2314 arbitror,
426 2241 580 2295 exoratus
600 2235 673 2311 vel,
692 2243 818 2295 utnon
839 2251 939 2295 nemo
959 2233 1116 2314 putabat,
1136 2237 1219 2297 mibi
1239 2243 1360 2312 iratus,
1380 2244 1517 2317 ignarus
1531 2243 1668 2313 quidem
1689 2251 1777 2303 certe
1797 2247 1829 2301 et
1848 2240 1908 2300 im·

104 2343 253 2423 prudens
281 2337 546 2419 impendentium
575 2346 743 2399 tantorum
770 2337 933 2398 scelerum
961 2337 1204 2399 aemulorum·
1247 2338 1313 2419 Qui
1336 2337 1497 2403 tribunus.
1508 2339 1556 2419 pl.
1578 2338 1658 2400 felix
1677 2340 1713 2399 iu
1734 2343 1910 2413 evertenda

103 2444 297 2526 republica
319 2443 394 2521 fuit,
421 2441 522 2504 nullis
549 2440 618 2503 suis
646 2439 776 2501 nervis:
804 2438 864 2517 qui
888 2437 976 2499 enim
1003 2434 1230 2502 iu.eiusmodi
1259 2440 1327 2501 vita
1350 2442 1445 2504 nervi
1469 2453 1650 2523 potuerunt
1671 2463 1742 2505 esse
1762 2443 1909 2511 hominis

110 2549 264 2613 fraternis
285 2547 435 2631 flagitiis,
455 2545 593 2609 sororiis
613 2543 752 2624 stupris,
774 2542 868 2603 omni
885 2540 1034 2603 inaudita
1046 2540 1185 2603 libidine
1199 2541 1331 2605 insani?
1354 2565 1401 2621 17.
1413 2545 1466 2607 Set
1488 2546 1551 2609 fuit
1570 2547 1721 2628 profecto
1742 2552 1905 2627 quaedam
1927 2556 1968 2620 20

107 2655 166 2718 illa
190 2654 240 2717 rei
266 2653 422 2733 publicae
449 2653 583 2713 fortuna
606 2648 732 2727 fatalis,
764 2656 801 2709 ut
826 2646 885 2709 ille
911 2664 1028 2708 caecus
1054 2655 1154 2724 atque
1178 2665 1293 2706 amens
1323 2646 1477 2707 tribunus
1503 2651 1807 2714 nancisceretur-
1828 2654 1910 2734 quid

106 2759 241 2822 dicam?
255 2791 297 2804 -
310 2759 487 2819 consules?
505 2755 626 2817 hocine
646 2762 684 2815 ut
703 2772 764 2835 ego
785 2750 922 2813 nomine
941 2752 1107 2832 appellem
1129 2768 1298 2812 eversores
1312 2750 1411 2812 huius
1423 2751 1557 2833 imperi,
1578 2755 1766 2834 proditores
1781 2770 1910 2823 vestrae

107 2863 296 2948 dignitatis,
314 2862 421 2925 hostis
444 2863 613 2923 bonorum
635 2858 814 2921 omnium?
842 2854 901 2934 qui
920 2857 964 2917 ed
986 2855 1163 2917 delendum
1184 2864 1353 2935 senatum,
1378 2854 1591 2939 affligendum
1611 2869 1799 2938 equestrem
1820 2862 1909 2922 ordi.

107 2990 205 3050 nem,
234 2967 474 3051 exstinguenda
503 2963 617 3027 omnia
641 2947 716 3025 iura
735 2971 835 3041 atque
854 2959 1004 3022 instituta
1024 2959 1188 3022 maiorum
1207 2978 1242 3020 se
1265 2958 1332 3020 illis
1353 2959 1496 3023 fascibus
1518 2961 1700 3041 ceterisque
1721 2963 1909 3047 insignibus
1990 3016 2027 3057 ,ἦ
2088 2948 2116 2983 '⁹

107 3072 232 3138 summi
250 3073 389 3136 honoris
409 3081 510 3151 atque
529 3068 648 3151 imperi
670 3077 803 3130 ornatos
831 3085 902 3127 esse
928 3065 1184 3127 arbitrabantur.
1236 3065 1407 3145 Quorum,
1436 3085 1497 3145 per
1524 3067 1606 3127 deos
1632 3065 1846 3137 immortalis!
1877 3069 1906 3131 si
1926 3079 1967 3142 95
2057 3132 2070 3151 ι

106 3182 256 3242 nondum
290 3179 415 3242 scelera
446 3178 652 3253 volneraque
684 3173 794 3234 inusta
826 3169 875 3233 rei
906 3170 1060 3251 publicae
1093 3167 1192 3230 voltis
1225 3165 1411 3247 recordari,
1443 3168 1570 3229 toltum
1605 3178 1705 3248 atque
1742 3171 1907 3234 incessum
2054 3148 2069 3163 Η

106 3282 225 3347 animis
245 3280 434 3345 intuemini.
476 3261 622 3342 Facilius*
643 3277 731 3339 facta
757 3295 874 3340 eorum
904 3284 1076 3337 occurrent
1104 3274 1269 3337 mentibus
1295 3273 1430 3353 vestris,
1460 3272 1490 3336 si
1518 3292 1577 3335 ora
1603 3273 1676 3354 ipsa
1701 3275 1805 3338 oculis
1833 3298 1908 3357 pro·

107 3385 296 3468 posueritis.

179 3683 263 3736 ERN.
299 3689 324 3739 1.
351 3686 397 3736 sed
422 3697 450 3736 ut
477 3704 555 3756 agam
583 3682 626 3749 (ut
653 3700 706 3734 otu.
733 3681 783 3749 Α.)
824 3678 898 3735 ibid.
922 3681 983 3733 ltuie
1004 3688 1093 3753 potius
1127 3683 1152 3735 3.
1177 3682 1289 3752 offlrurtt
1314 3683 1451 3733 insolenter
1473 3693 1498 3733 et
1523 3684 1681 3732 insectantur
1705 3678 1857 3745 (insolenter
1881 3694 1907 3732 et

108 3788 163 3822 om.
190 3768 300 3836 auca.)
346 3770 371 3824 5.
398 3774 535 3821 incurrisse
576 3766 604 3823 7.
629 3769 699 3820 dieto
721 3770 804 3838 suctu
837 3766 929 3838 (saeta
960 3770 1031 3819 dicta
1058 3769 1151 3835 atie.)
1195 3770 1219 3821 8.
1247 3769 1346 3819 Fuerat
1370 3768 1416 3817 ille
1439 3784 1522 3817 antius
1553 3771 1579 3815 in
1604 3770 1643 3816 rei
1665 3766 1787 3834 publicae
1814 3784 1907 3836 rrmgrto

111 3877 145 3910 m.
163 3869 188 3909 et
205 3875 238 3910 m.
258 3862 348 3909 timore
365 3870 497 3928 tamquam
513 3862 626 3910 intentus
643 3872 727 3908 arcus.
760 3851 860 3922 (Quod
872 3851 1011 3916 dedimus,
1029 3852 1142 3906 debetur
1163 3852 1302 3925 Madvigio
1319 3851 1445 3904 codicum
1464 3852 1577 3920 vestigia
1595 3850 1710 3916 secuto.)
1743 3851 1786 3902 13.
1803 3851 1844 3903 Aa
1861 3853 1908 3904 itt·

109 3945 151 3996 ss.
178 3956 216 3995 est
239 3945 383 3994 arbitratus
418 3943 459 3995 16.
485 3941 592 4012 [legum]
618 3941 710 3992 consui
736 3938 843 4009 (legum
872 3943 975 3989 curiata
1006 3940 1098 3990 consul
1126 3939 1183 4005 A.)
1222 3938 1262 3991 17.
1285 3952 1362 4010 putot
1405 3939 1445 3992 ti.
1471 3957 1523 3991 esse
1545 3950 1689 4008 potueruut
1729 3936 1773 3990 20.
1801 3942 1907 3988 inaruit

77 4019 83 4037 '¹
108 4031 150 4086 22.
168 4031 295 4102 appellem
311 4032 413 4081 nomine
428 4025 543 4094 (comum
558 4026 686 4099 appellem
703 4025 790 4077 Vatic.
810 4024 858 4090 Α.)
892 4025 934 4077 27.
952 4027 1105 4076 iruuearrtini

177 4192 304 4246 LECTI'.
340 4191 419 4249 abed.
463 4195 487 4246 1.
510 4193 557 4244 sed
579 4204 609 4244 ut
632 4210 710 4262 agam
734 4188 813 4243 abed.
848 4188 921 4244 lbid.
947 4190 1008 4242 leuia
1028 4195 1117 4262 potius
1141 4188 1219 4242 abed.
1255 4189 1281 4243 3.
1308 4188 1422 4258 effluunt
1445 4188 1584 4241 lruoleuter
1609 4199 1634 4237 et
1658 4189 1817 4239 timerentur
1844 4184 1906 4237 bcd.

109 4281 134 4332 lt.
150 4289 291 4351 potuerunt
311 4281 404 4333 ascia.
441 4279 466 4333 5.
484 4284 622 4332 incurrisse
638 4275 717 4328 abed.
752 4274 778 4328 7.
796 4276 934 4348 reficienda
957 4277 1041 4327 saluti
1062 4275 1161 4328 asola.
1198 4276 1269 4328 ibid.
1287 4278 1370 4336 clieta,
1386 4280 1462 4338 factu
1480 4270 1560 4324 abed.
1597 4271 1623 4322 8.
1640 4271 1740 4321 Fuerat
1758 4270 1805 4321 ille
1820 4286 1907 4321 annue

108 4377 243 4436 tamquam
254 4367 356 4436 in'rcip.
369 4385 463 4438 magno
477 4377 544 4417 metu
556 4362 624 4431 (sio)
635 4374 660 4415 et
672 4362 815 4414 multorum
832 4368 923 4414 timore
940 4365 1053 4412 intentus
1069 4381 1145 4414 arcus
1162 4358 1206 4414 ad.
1240 4362 1340 4412 Fuerat
1357 4361 1404 4411 ille
1419 4377 1502 4411 mnus
1521 4361 1548 4407 in
1564 4360 1628 4425 reip.
1647 4372 1741 4425 niagno
1760 4365 1828 4405 metu
1840 4352 1908 4419 (sic)

109 4465 134 4504 rt
151 4469 186 4503 m.
206 4462 225 4504 t.
244 4463 376 4522 tamquam
400 4457 512 4504 intentus
535 4468 611 4502 arcus
636 4448 663 4502 b.
697 4446 798 4498 Fuerat
815 4447 861 4498 ille
878 4466 960 4498 annus
977 4451 1005 4498 itt
1022 4450 1086 4515 reip.
1104 4464 1197 4517 magno
1214 4457 1285 4497 motu
1303 4455 1329 4496 et
1346 4463 1378 4496 m.
1398 4456 1417 4495 t.
1436 4446 1549 4495 intentur
1565 4458 1642 4492 arcus
1660 4457 1684 4490 c·
1721 4441 1765 4491 11.
1781 4456 1832 4509 quc
1851 4453 1905 4488 ont.

108 4535 168 4587 abe.
183 4533 279 4592 nond.
315 4534 358 4587 13.
369 4535 411 4587 At
428 4537 474 4588 ille
484 4534 565 4589 abed.
601 4532 657 4598 (At
674 4535 720 4586 ille
735 4533 946 4585 sceleratissimus
957 4532 991 4593 u.)
1027 4531 1069 4583 tt.
1086 4527 1279 4582 estomabcd.
1314 4529 1356 4582 16.
1373 4547 1506 4581 sacrarum
1523 4544 1563 4580 ac.
1581 4542 1637 4579 nou
1656 4524 1703 4580 bd.
1728 4524 1800 4578 ibid.
1821 4527 1906 4594 legum

108 4620 254 4677 consulati.
268 4621 354 4692 legum
366 4638 428 4672 curu
445 4623 537 4673 consul
551 4621 593 4673 bc.
630 4619 670 4673 ti.
685 4629 794 4690 putaret
810 4614 889 4670 abed.
905 4629 1011 4687 putaret
1028 4621 1141 4669 minatus
1158 4636 1181 4670 c.
1199 4617 1266 4670 sola.
1299 4633 1398 4686 gnarus
1414 4614 1517 4682 quidem
1535 4625 1602 4665 certe
1624 4623 1649 4665 et
1669 4613 1782 4683 prudotr
1804 4626 1819 4658 a
1836 4607 1904 4664 ⁸01².

109 4708 153 4761 18.
176 4709 301 4760 scelerum
321 4718 453 4758 tantorum
479 4706 537 4760 abe.
564 4725 619 4759 nou
647 4704 674 4759 d.
709 4704 752 4756 19.
769 4722 822 4755 esse
842 4714 983 4773 potuerunt
1005 4702 1085 4756 acbd.
1121 4703 1164 4756 20.
1181 4704 1276 4755 sororis
1300 4699 1363 4753 bed.
1387 4717 1444 4755 uon
1469 4716 1494 4752 u.
1530 4699 1604 4754 tbtd.
1631 4700 1677 4750 lib.
1702 4698 1806 4767 iry'anru
1824 4686 1904 4749 abuti.

108 4794 150 4846 tt.
170 4793 287 4845 tribunus
301 4793 340 4864 pl.
359 4796 548 4844 rmneieeeretur
570 4791 649 4844 abed.
685 4790 728 4844 21.
746 4789 850 4842 buccine
866 4807 913 4862 ego
932 4788 977 4844 ad.
998 4807 1053 4843 uon
1070 4789 1113 4842 bc.
1148 4789 1191 4842 27.
1215 4788 1369 4841 intueamini
1391 4782 1470 4838 ubed'.
1509 4783 1581 4838 ibid.
1604 4800 1691 4835 eorum
1700 4782 1781 4848 saeta
1799 4776 1818 4829 d
1835 4777 1901 4834 tola.

108 4876 183 4933 lbid.
201 4879 284 4931 oculu
301 4883 393 4931 uestris
406 4896 482 4951 prop.
500 4878 557 4929 abc.
577 4894 632 4930 non
651 4875 679 4930 d.
932 4880 935 4885 '
1119 4876 1122 4883 '

178 5040 305 5097 LEc't'i.
323 5040 417 5096 ΜΕΜ.
451 5043 476 5096 3.
490 5042 672 5094 V.insoleuter
689 5044 716 5092 in
735 5032 1171 5112 nnlloudbuccodicetepertum
1185 5035 1338 5090 calantica
1351 5033 1483 5087 adscitum
1494 5029 1610 5084 ridetur·
1644 5028 1906 5089 Mrdeaoraute'tt,

111 5124 188 5202 quod
204 5127 299 5182 durim
315 5127 440 5186 ridetur,
455 5127 545 5181 simile
562 5140 602 5179 est
619 5126 662 5178 illi
681 5123 705 5188 §.
724 5126 766 5178 29.
783 5129 930 5198 expulerit,
946 5127 1078 5198 relegarit.
1113 5120 1267 5177 Videndum
1287 5133 1391 5180 umen,
1416 5117 1450 5170 de
1469 5134 1524 5189 quo
1537 5118 1584 5169 'me
1601 5112 1725 5167 Baiteeus
1743 5111 1901 5169 admonuit,

108 5229 143 5265 ne
160 5215 334 5277 tamtuntur,
347 5216 512 5284 insequentur
528 5211 685 5283 glossemata
703 5212 760 5263 sint
776 5229 802 5265 r.
818 5232 845 5264 aa
863 5213 992 5283 offerunt,
1012 5209 1089 5285 quod
1104 5209 1193 5264 solum
1212 5204 1404 5287 reqpiaitue-iu
1421 5220 1499 5279 seqq.
1517 5207 1569 5257 nisi
1585 5204 1645 5275 quit
1661 5221 1688 5261 te
1713 5205 1751 5253 ita
1768 5197 1902 5252 obtulerit.

30 5283 37 5296 ’
109 5295 151 5354 tt.
169 5297 288 5351 Facilius
302 5325 338 5345 ι-
357 5321 387 5337 ··
407 5322 439 5336 -·
454 5296 661 5370 proposueritis]
695 5294 789 5361 „Dela
806 5295 892 5353 istr.“
923 5297 1064 5351 nonum
1078 5293 1204 5352 Adversa.
1222 5293 1252 5348 P.
1269 5293 1296 5348 2.
1313 5311 1341 5364 p.
1358 5289 1432 5351 315„
1496 5334 1501 5343 .

48 5589 110 5665 l
