4740 6068
467 371 517 448 34

472 582 544 627 esse
572 561 806 643 constitutum,
836 566 930 644 quod
957 564 1080 646 perditi
1109 564 1198 629 cives
1227 566 1396 631 sublatum
1425 590 1486 651 per
1514 590 1577 634 uos
1605 570 1891 637 criminabantur?
1925 594 1993 654 ras.
2014 576 2170 641 Maxume
2197 600 2284 643 vero

470 671 590 751 populi
619 668 765 732 Romani
797 669 959 733 iudicium
987 670 1136 734 universi
1167 691 1324 735 consessu
1352 674 1554 757 gladiatorio
1591 678 1793 739 declaratum
1824 689 1883 741 est.
1930 684 2007 744 Erat
2036 683 2126 745 enim
2157 707 2282 749 munus

470 776 655 858 Scipionis,
684 775 824 859 dignum
846 786 878 838 et
899 795 939 838 eo
960 776 1035 859 ipso
1056 786 1088 839 et
1108 776 1168 838 illo
1190 780 1345 861 Metello,
1375 781 1429 844 cui
1456 785 1606 850 dabatur.
1650 787 1691 845 ld
1717 796 1828 847 autem
1854 789 2034 868 spectaculi
2060 810 2167 874 genus
2195 804 2286 874 erat,

472 885 564 963 quod
592 882 685 945 omui
712 883 901 963 frequentia
927 891 1027 962 atque
1055 882 1149 945 omni
1176 903 1298 965 genere
1324 887 1503 950 bominum
1527 892 1730 971 celebratur,
1760 911 1829 970 quo
1850 892 2031 956 multitudo
2053 917 2205 959 maxume
2224 902 2285 962 de-

432 986 453 1049 6
473 991 622 1053 lectatur.
663 990 704 1050 ln
724 992 815 1050 huuc
836 1010 1029 1052 consessum
1050 990 1091 1050 P.
1106 989 1246 1071 Sestius,
1266 990 1419 1056 tribunus
1440 997 1502 1075 pl.,
1525 1017 1601 1058 cum
1622 1008 1733 1081 ageret
1753 996 1838 1058 nihil
1857 998 1949 1061 aliud
1969 1000 2005 1060 in
2027 1022 2069 1063 eo
2089 1012 2279 1088 magistratu

471 1096 535 1158 nisi
558 1117 666 1157 ineam
688 1116 835 1175 causam,
857 1095 949 1159 venit
969 1106 1001 1159 et
1021 1116 1057 1157 se
1079 1098 1209 1177 populo
1230 1097 1340 1175 dedit,
1362 1121 1431 1161 non
1453 1104 1589 1183 plausus
1610 1103 1805 1186 eupiditate,
1824 1116 1873 1167 set
1896 1116 1931 1167 nt
1952 1104 2017 1187 ipsi
2035 1105 2163 1169 inimici
2174 1110 2279 1171 nostri

470 1205 674 1266 voluntatem
696 1201 845 1264 universi
864 1202 986 1285 populi
1004 1203 1168 1264 riderent.
1208 1203 1304 1268 Venit
1326 1206 1378 1289 (ut
1399 1205 1504 1282 scitis)
1525 1229 1546 1270 a
1566 1211 1722 1272 columna
1743 1212 1885 1275 Maenia.
1925 1215 2049 1276 Tantus
2079 1225 2129 1276 est
2150 1236 2191 1276 ex
2211 1236 2278 1278 om·

471 1308 570 1371 nibus
590 1307 785 1391 spectaculis
812 1328 921 1388 usque
941 1329 961 1372 a
981 1307 1165 1391 capitolio,
1196 1318 1306 1372 tantus
1333 1333 1373 1373 ex
1401 1313 1468 1375 fori
1496 1316 1652 1377 cancellis
1678 1318 1815 1398 plausus
1843 1319 2021 1397 excitatus,
2051 1330 2281 1401 utnusquam

472 1416 579 1479 maior
597 1415 773 1479 consensio
793 1424 851 1477 aut
870 1415 1017 1498 apertior
1037 1416 1158 1497 populi
1178 1416 1325 1479 Romani
1345 1416 1491 1481 universi
1511 1419 1615 1483 fuisse
1634 1424 1701 1484 ulla
1722 1423 1756 1483 in
1777 1446 1876 1488 cansa
1901 1425 2078 1488 diceretur.
2122 1430 2190 1490 rai.
2215 1427 2285 1489 Ubi

413 1522 454 1587 10
475 1532 568 1585 erant
588 1534 658 1584 tum
679 1522 730 1584 illi
751 1523 944 1586 contionum
967 1524 1213 1605 moderatores,
1242 1524 1354 1607 legum
1378 1524 1524 1607 domini,
1551 1525 1674 1589 civium
1696 1532 1916 1610 expulsores?
1942 1531 2071 1595 aliusne
2092 1543 2141 1596 est
2159 1533 2285 1613 aliquis

471 1630 635 1712 improbis
657 1630 785 1693 civibus
806 1628 983 1713 peculiaris
1004 1631 1169 1711 populus,
1191 1629 1246 1693 cui
1266 1650 1329 1693 nos
1351 1624 1469 1693 offensi
1490 1632 1657 1713 invisique
1676 1634 1864 1700 fuerimus?

552 1737 638 1797 LlX.
680 1735 844 1815 Equidem
866 1736 1018 1799 existimo
1039 1738 1170 1799 nullum
1192 1748 1323 1818 tempus
1344 1757 1416 1800 esse
1429 1738 1664 1819 frequentioris
1679 1743 1797 1824 populi
1812 1766 1911 1825 quam
1925 1745 2012 1808 illud
2025 1744 2282 1830 gladiatorium,

470 1862 580 1922 neque
602 1842 767 1906 contionis
790 1843 890 1905 ullius
916 1864 1025 1922 neque
1044 1862 1123 1905 vero
1145 1844 1292 1905 ullorum
1322 1845 1547 1907 comitiorum.
1589 1852 1680 1911 Haec
1704 1849 1805 1933 igitur
1828 1851 2083 1915 innumerabilis
2103 1852 2282 1916 bominum

469 1950 671 2033 multitudo,
690 1952 774 2013 baec
793 1948 914 2032 populi
933 1950 1078 2012 Romani
1104 1961 1194 2011 tanta
1220 1949 1422 2034 significatio
1449 1951 1522 2015 sine
1548 1957 1617 2016 ulla
1638 1956 1794 2020 varietate
1816 1958 1983 2031 universi,
2015 1981 2092 2021 eum
2114 1959 2179 2020 illis
2199 1957 2283 2039 ipsis

414 2057 454 2124 15
474 2056 590 2119 diebus
611 2059 654 2119 de
673 2078 730 2119 me
747 2068 858 2119 aetum
877 2054 919 2118 iri
940 2067 1131 2138 putaretur,
1157 2056 1240 2136 quid
1259 2057 1437 2121 declaravit
1458 2059 1522 2120 nisi
1543 2074 1758 2139 optumorum
1779 2062 1901 2119 civ-ium
1922 2065 2062 2121 salutem
2084 2075 2117 2122 et
2137 2061 2280 2142 ‹lignita-

470 2173 537 2226 tern
550 2165 680 2246 populo
695 2166 851 2226 Romano
865 2185 975 2227 caram
997 2185 1069 2227 esse
1083 2164 1269 2228 universo?
1294 2171 1358 2223 126.
1379 2168 1421 2221 At
1442 2177 1522 2220 vcro
1542 2160 1616 2237 ille,
1635 2160 1694 2239 qui
1714 2162 1756 2222 de
1778 2182 1832 2222 me
1852 2181 1923 2222 non
1943 2161 2047 2242 patris
2069 2161 2123 2223 avi
2143 2164 2281 2247 proavi,

469 2270 634 2331 maiorum
656 2270 802 2347 deniqne
822 2289 959 2329 suorum
984 2270 1154 2347 omnium,
1182 2278 1233 2329 set
1253 2266 1493 2329 Graeculorum
1514 2263 1667 2326 instituto
1688 2264 1881 2328 contionem
1904 2264 2110 2352 interrogare
2130 2270 2278 2348 solebat,

466 2375 647 2455 „velletne
670 2393 724 2434 me
743 2372 891 2453 redire,“
911 2382 961 2453 et,
987 2392 1063 2433 cum
1094 2382 1163 2435 erat
1187 2374 1401 2437 reclamatum
1430 2369 1598 2433 semivivis
1619 2370 1901 2434 mercenariorum
1924 2371 2084 2455 vocibus,
2112 2377 2278 2456 populum

470 2485 661 2544 Romanum
681 2500 804 2564 negare
824 2480 973 2543 dicebatr
1003 2477 1050 2559 is,
1082 2500 1158 2541 eum
1179 2478 1331 2559 quotidie
1351 2477 1552 2562 gladiatores
1572 2488 1753 2559 spectaret,
1779 2499 1952 2558 nunquam
1981 2489 2030 2541 est
2059 2494 2280 2562 conspectus,

410 2592 453 2657 20
471 2609 548 2652 cnm
577 2587 714 2649 veniret.
753 2587 951 2671 Emergebat
980 2586 1114 2667 subito,
1143 2606 1221 2647 eum
1252 2587 1314 2648 sub
1345 2584 1475 2647 tabulas
1505 2586 1735 2666 subrepserat,
1767 2595 1803 2645 ut
1836 2588 1983 2665 „Meter
2003 2594 2036 2649 te
2055 2589 2219 2671 appello“
2239 2624 2279 2635 -

468 2694 617 2756 dicturus
637 2691 816 2755 videretur.
855 2692 973 2773 ltaque
994 2691 1053 2753 illa
1073 2691 1127 2754 via
1147 2693 1331 2773 latebrosa,
1357 2711 1424 2771 qua
1444 2701 1628 2773 spectatum
1649 2691 1707 2753 ille
1727 2690 1900 2771 veniebat,
1923 2693 2030 2774 Appia
2050 2692 2117 2755 iam
2138 2696 2279 2756 vocaba-

467 2813 531 2865 tur.
570 2799 638 2884 Qui
657 2811 767 2863 tamen
789 2817 928 2879 quoquo
951 2809 1101 2879 ternpore
1121 2809 1317 2881 conspectus
1340 2807 1427 2872 erat,
1447 2818 1518 2860 non
1538 2800 1641 2859 modo
1661 2797 1879 2881 gladiatores,
1899 2809 1949 2860 set
1969 2800 2048 2881 equi
2067 2800 2133 2882 ipsi
2152 2803 2279 2886 gladia-

466 2918 578 2973 torum
600 2907 782 2989 repentinis
803 2904 910 2967 sibilis
932 2903 1198 2967 extimescebam.
1242 2928 1308 2986 ¹27·
1330 2904 1501 2967 Videtisne
1520 2903 1640 2989 igitur,
1671 2913 1833 2985 quantum
1860 2904 1946 2967 inter
1966 2907 2131 2988 populum
2153 2910 2277 2970 Roma-

467 3036 549 3076 num
577 3023 609 3074 et
639 3013 831 3075 contionem
863 3011 1016 3076 intersit?
1046 3012 1202 3074 dominos
1233 3012 1427 3076 contionum
1459 3011 1553 3074 omni
1583 3011 1663 3073 odio
1694 3011 1816 3093 populi
1844 3012 1979 3074 notari?
2008 3012 2133 3091 quibus
2166 3023 2279 3078 autem

406 3128 448 3192 25
468 3120 649 3183 consistere
674 3119 710 3182 in
741 3140 920 3203 operarum
950 3118 1164 3183 contionibus
1195 3140 1264 3181 non
1293 3120 1408 3199 liceat,
1440 3137 1499 3182 eos
1527 3117 1621 3179 omni
1646 3116 1767 3199 populi
1792 3117 1938 3179 Romani
1957 3117 2199 3201 significatione
2220 3122 2278 3183 de-

467 3227 601 3291 corari?
631 3230 682 3290 Tu
703 3228 789 3291 mihi
809 3227 907 3289 etiam
929 3228 976 3288 M.
996 3224 1133 3289 Atilium
1155 3228 1322 3310 Regulum
1345 3244 1608 3305 commemoras,
1636 3223 1695 3304 qui
1719 3223 1829 3287 redire
1855 3223 1928 3306 ipse
1955 3225 2196 3310 Karthaginem
2216 3247 2277 3290 sua

466 3339 638 3400 voluntate
664 3338 707 3398 ad
733 3334 957 3416 supplicium,
988 3352 1090 3411 qnam
1116 3332 1188 3394 sine
1215 3330 1256 3393 iis
1284 3331 1441 3413 captivis,
1474 3330 1638 3410 aquibus
1659 3333 1703 3392 ad
1720 3341 1871 3393 senatum
1892 3329 2013 3395 missus
2033 3343 2121 3414 erat,
2147 3335 2277 3396 Romae

466 3464 602 3507 manere
633 3442 804 3522 maluerit,
836 3451 867 3503 et
896 3437 978 3501 mihi
1008 3459 1110 3523 negas
1139 3439 1323 3520 optandum
1355 3438 1498 3501 reditum
1527 3437 1633 3500 fuisse
1658 3459 1719 3519 per
1748 3437 1890 3501 familias
1920 3451 2128 3520 comparatas
2155 3451 2188 3503 et
2215 3444 2278 3503 bo-

466 3548 573 3611 mines
595 3553 764 3612 armatos?

408 3659 450 3725 30
549 3656 618 3715 Lx.
660 3655 737 3718 Vim
759 3653 883 3716 scilicet
905 3672 968 3736 ego
990 3650 1190 3731 desideravi,
1209 3650 1283 3730 qui,
1304 3652 1384 3712 dum
1406 3650 1456 3713 vis
1475 3649 1551 3731 fuit,
1573 3649 1657 3712 nibil
1679 3651 1732 3734 egi
1752 3660 1785 3712 et
1805 3672 1921 3730 quem,
1940 3651 1968 3713 si
1990 3651 2039 3714 vis
2060 3653 2276 3737 nonfuisset,

466 3763 558 3825 nulla
586 3782 639 3825 res
668 3761 866 3825 labefactare
894 3760 1065 3842 potuisset.
1113 3762 1301 3823 manuue
1329 3779 1392 3842 ego
1413 3758 1557 3819 reditum
1584 3756 1815 3839 repudiarem,
1842 3757 1901 3836 qui
1921 3757 1966 3818 ita
1987 3760 2111 3823 florens
2131 3761 2212 3843 suit,
2238 3775 2276 3824 ut

465 3890 600 3952 verear,
624 3891 667 3932 ne
694 3870 768 3950 quis
795 3891 848 3931 me
867 3867 978 3931 studio
1000 3864 1127 3952 gloriae
1147 3875 1242 3948 putet
1262 3864 1387 3927 ideirco
1409 3864 1535 3937 exisse,
1565 3875 1601 3925 ut
1621 3862 1667 3926 ita
1688 3862 1856 3925 redirem?
1891 3863 1995 3948 Quem
2016 3866 2104 3929 enim
2125 3888 2274 3948 unquam

466 3988 598 4041 senatus
620 3976 726 4040 civem
746 3976 813 4039 nisi
833 3998 886 4040 me
906 3974 1098 4037 nationibus
1129 3972 1248 4035 exteris
1274 3971 1543 4035 commendavit?
1573 3971 1668 4035 euius
1700 3991 1848 4050 unquam
1878 3984 2017 4053 propter
2043 3977 2183 4036 salutem
2208 3971 2275 4036 nisi

466 4102 575 4146 meam
595 4096 728 4147 senatus
748 4084 883 4165 publice
902 4082 1001 4146 sociis
1022 4080 1142 4164 populi
1163 4079 1307 4142 Romani
1325 4078 1447 4163 gratias
1469 4077 1561 4162 egit?
1596 4080 1647 4140 De
1668 4099 1721 4140 me
1742 4098 1809 4139 uno
1830 4089 1941 4160 patres
1963 4079 2140 4161 conscripti
2161 4082 2277 4142 ‹lecre-

407 4194 449 4260 35
468 4201 607 4266 verunt,
637 4202 692 4267 ut,
718 4191 778 4272 qui
798 4190 988 4273 provincias
1009 4210 1085 4252 eum
1103 4186 1246 4268 imperio
1268 4186 1474 4266 obtinerent,
1503 4184 1561 4266 qui
1582 4195 1773 4265 quaestores
1794 4185 1960 4269 legatique
1981 4197 2106 4266 essent,
2132 4189 2275 4251 salutem

464 4305 497 4359 et
517 4295 617 4358 vitam
639 4300 777 4377 [meam]
799 4297 1013 4361 custodirent.
1054 4298 1095 4357 ln
1116 4317 1183 4358 nna
1203 4316 1278 4357 mea
1299 4312 1397 4357 cansa
1416 4303 1493 4373 post
1513 4294 1656 4352 Romam
1678 4289 1846 4354 conditam
1866 4291 1989 4354 factum
2011 4305 2079 4377 est,
2100 4304 2137 4357 ut
2156 4295 2274 4358 litteris

534 4548 618 4603 ERN.
654 4553 678 4604 1.
698 4551 848 4601 Mammam
877 4552 903 4604 9.
921 4555 1041 4603 uniuerso
1071 4547 1096 4600 3.
1118 4544 1155 4620 Q.
1172 4546 1284 4598 Metello
1300 4543 1427 4611 (Metello
1444 4545 1521 4612 Vat.)
1549 4543 1574 4597 7.
1593 4544 1629 4594 ad
1644 4544 1791 4593 aolunanam
1815 4541 1935 4593 Meuium
1966 4544 2008 4597 16.
2024 4545 2067 4597 At
2090 4563 2151 4597 vern
2175 4560 2202 4598 et
2227 4548 2274 4599 stt·

465 4638 585 4691 tribunus
599 4638 639 4710 pl.
658 4635 712 4700 (At
731 4655 789 4686 vero
807 4638 854 4687 itte
871 4635 1053 4708 Madvigius.)
1088 4635 1305 4704 recompensas.
1343 4630 1408 4684 Cum
1425 4636 1540 4692 veniret,
1559 4630 1704 4700 emergebat
1722 4630 1808 4680 subito
1846 4627 1890 4682 36.
1908 4649 1990 4681 aream
2005 4632 2065 4684 sine
2084 4633 2172 4685 uncia.

535 4794 663 4848 LEC'I'T.
698 4792 777 4846 abed.
814 4796 838 4843 1.
857 4791 924 4865 quid
935 4794 1035 4862 perditi
1050 4809 1074 4844 e.
1111 4788 1184 4842 lbid.
1202 4788 1356 4840 lifnxr'mum
1373 4787 1419 4840 bd.
1437 4808 1537 4841 none.
1574 4790 1597 4843 2.
1619 4792 1738 4838 universo
1756 4784 1819 4838 bed.
1863 4785 1887 4839 6.
1910 4807 2014 4837 cansam
2040 4792 2104 4858 egit.
2129 4793 2152 4841 is
2176 4813 2202 4845 se
2220 4811 2271 4856 po-

463 4885 530 4956 pulo
548 4903 572 4936 a.
609 4883 633 4937 7.
651 4884 688 4934 acl
704 4885 851 4934 columnam
868 4879 986 4930 Metuant
1003 4876 1066 4934 abd.
1085 4879 1206 4929 columna
1224 4876 1334 4927 Maem'a
1352 4877 1453 4928 omisso
1471 4895 1495 4927 a.
1513 4897 1537 4928 e.
1574 4875 1617 4928 16.
1638 4877 1762 4926 universis
1780 4893 1795 4925 c
1814 4873 1879 4927 sola.
1918 4874 1988 4926 lbid.
2007 4875 2049 4925 At
2073 4896 2131 4929 vero
2157 4879 2203 4928 itte
2220 4882 2272 4928 tri-

467 4971 551 5020 bunus
565 4971 604 5039 pl.
623 4971 667 5022 bc.
685 4971 728 5021 At
745 4990 807 5021 vero
830 4979 856 5020 et
873 4967 919 5019 itta
942 4967 1063 5017 tribunus
1083 4968 1123 5036 pt.
1148 4964 1175 5018 d.
1211 4967 1254 5019 20.
1277 4978 1432 5034 conspectus.
1470 4962 1536 5017 Cum
1561 4968 1674 5023 ueniret,
1701 4964 1869 5033 tmnaergebar
1891 4960 1958 5029 (sic)
1981 4964 2067 5015 subito
2096 4967 2138 5017 be.
2161 4982 2217 5016 aon
2244 4964 2273 5018 d.

467 5056 510 5111 23.
528 5069 656 5127 quantam
674 5057 689 5090 ¹³
708 5064 775 5109 inter
798 5056 831 5108 P.
856 5057 889 5110 Ii.
913 5068 938 5108 et
961 5059 1123 5117 concionem,
1145 5056 1262 5105 dorostena
1279 5053 1297 5103 b
1315 5053 1383 5105 sola.
1419 5050 1689 5105 27.s1·mttsabcd.
1727 5050 1800 5103 lbid.
1822 5069 1875 5122 pro
1897 5054 1992 5124 quibus
2017 5071 2031 5103 a
2055 5053 2124 5107 sola.
2159 5050 2204 5105 30.
2222 5070 2272 5125 ego

463 5145 562 5196 scilieet
579 5161 626 5214 ego
645 5144 672 5195 b.
691 5162 745 5195 non
764 5142 809 5198 ed.
843 5142 886 5197 36.
904 5148 987 5195 vitum
1005 5143 1164 5193 custodirent
1182 5140 1226 5194 cd.
1247 5158 1303 5192 non
1322 5141 1351 5194 b.
1387 5139 1461 5193 lbid.
1480 5145 1508 5191 in
1525 5158 1580 5191 urea
1599 5159 1651 5191 una
1670 5141 1710 5192 be.
1730 5158 1785 5191 non
1805 5137 1832 5190 d.

536 5299 777 5353 Laetantur.
812 5298 836 5351 7.
858 5298 927 5352 Cum
952 5301 983 5351 B.
1007 5298 1106 5352 habeat
1126 5318 1145 5350 a
1167 5300 1279 5353 Μαικία
1295 5301 1433 5364 columna,
1457 5297 1521 5354 ride
1539 5316 1573 5350 ne
1591 5300 1711 5351 columna
1728 5300 1765 5350 rit
1783 5312 1797 5347 e
1816 5294 1912 5369 gloss,
1935 5293 1983 5347 sed
2001 5296 2185 5371 perantiquo,
2210 5315 2272 5351 eam

465 5392 518 5442 iam
537 5388 620 5442 sitin
639 5387 726 5441 Vatia.
762 5386 804 5440 16.
822 5385 865 5439 At
881 5406 943 5439 vero
961 5388 1131 5461 impraecor
1148 5384 1327 5444 cantonius.
