4740 6068
1999 386 2048 461 27

215 575 218 578 ’
331 561 430 624 XLV.
470 562 548 624 Duo
568 578 690 645 genera
710 578 842 643 semper
859 561 897 624 in
915 563 979 627 hac
996 559 1128 629 civitate
1146 563 1283 628 fuerunt
1302 586 1432 641 eorum,
1459 565 1520 647 qui
1538 566 1663 630 versari
1682 566 1719 629 in
1737 569 1927 651 republica
1945 581 2045 652 etque

250 665 287 726 in
304 684 344 728 ea
364 685 400 728 se
420 665 631 729 excellentius
652 685 768 750 gerere
787 669 1005 749 studuerunt3
1029 670 1151 753 quibus
1171 692 1213 735 ex
1232 671 1411 757 generibus
1430 671 1527 735 alteri
1545 691 1582 735 se
1608 670 1799 754 popularis,
1826 675 1920 738 alteri
1948 689 2045 758 optu

248 769 343 832 matis
364 780 396 832 et
417 771 534 835 haberi
554 780 586 834 et
604 790 676 834 esse
685 771 884 836 voluerunt.
925 773 990 858 Qui
1018 796 1073 856 ea,
1099 796 1186 857 quae
1212 776 1379 840 faciebant
1403 796 1557 856 quaeque
1581 774 1751 857 dicebant,
1778 778 2005 842 multitudini
1994 801 2047 843 ru·

251 877 360 937 cunda
372 877 531 938 volebant
543 895 631 950 esse,
650 876 848 958 populares3
869 878 928 956 qui
949 889 1055 942 autem
1074 879 1120 944 ita
1140 902 1177 944 se
1195 882 1371 965 gerebant,
1390 889 1427 943 ut
1444 900 1506 943 sua
1525 880 1665 945 consilia
1684 891 1822 963 optumo
1836 881 1956 962 cuique
1969 904 2047 965 pro-

250 978 385 1060 barent,
419 990 604 1062 optumates
624 981 843 1045 habebantur.
882 981 965 1067 Quis
984 984 1147 1068 ergo-iste
1177 986 1362 1068 optumus?
1392 984 1492 1065 quisi
1533 1006 1585 1069 97.
1603 987 1662 1051 De.
1679 1005 1819 1051 numero
1844 986 1883 1049 s?
1893 989 2084 1070 quaeris,5

251 1081 529 1148 innumerabiles:
550 1121 591 1136 ·-
610 1105 720 1166 neque
741 1085 831 1148 enim
851 1087 947 1151 aliter
964 1098 1051 1153 stare
1070 1108 1266 1172 possemus:
1286 1124 1326 1139 -
1344 1099 1423 1153 sunt
1445 1090 1612 1174 principes
1636 1090 1754 1154 consili
1777 1090 1924 1174 publici;
1949 1103 2044 1175 sunt,

249 1187 310 1266 qui
330 1207 446 1251 eorum
472 1199 594 1253 sectam
628 1199 803 1269 secuntur3
831 1202 910 1254 sunt
932 1214 1166 1258 maxumorum
1186 1195 1343 1259 ordinum
1369 1195 1542 1277 homines,
1569 1194 1691 1275 quibus
1718 1204 1808 1277 patet
1833 1195 1941 1274 ouria;
1968 1207 2046 1263 suut

249 1292 468 1374 municipales
487 1293 667 1374 rusticique
687 1294 846 1375 Romani3
865 1306 945 1361 sunt
962 1299 1077 1384 negoti
1096 1310 1266 1384 gerentes3
1293 1312 1372 1366 suut
1395 1301 1493 1365 ctiam
1513 1299 1661 1373 libertini
1684 1310 1882 1385 optumates.
1924 1304 2046 1366 Nume-

242 1414 325 1475 rus,
346 1406 384 1458 ut
403 1395 490 1476 dixi,
516 1396 618 1460 huius
638 1400 768 1483 generis
789 1402 854 1464 late
874 1412 908 1465 et
925 1404 1016 1467 varie
1038 1399 1179 1469 diffusus
1200 1414 1271 1470 est:
1298 1417 1348 1471 set
1369 1426 1475 1491 genus
1497 1407 1689 1469 universum
1712 1409 1766 1486 (ut
1785 1407 1920 1469 tollatur
1939 1411 2045 1484 error)

248 1498 343 1560 brevi
362 1499 588 1564 circumscribi
606 1512 640 1564 et
660 1502 790 1567 deliniri
816 1515 937 1588 potest.
976 1510 1102 1572 Omnes
1129 1520 1315 1592 optumates
1342 1522 1438 1594 sunt,
1467 1511 1525 1592 qui
1555 1531 1665 1594 neque
1691 1519 1849 1575 nocentes
1877 1518 1955 1574 sunt
1979 1506 2104 1574 necto

248 1613 366 1666 ιιιιιιιι
386 1603 533 1687 improbi
549 1627 612 1670 nec
628 1607 746 1672 furiosi
766 1629 828 1673 nec
852 1611 948 1674 malis
978 1614 1169 1678 domesticis
1188 1615 1351 1698 impediti.
1393 1622 1428 1692 -ι-
1452 1619 1510 1680 Est
1529 1616 1649 1709 igitur,
1676 1625 1714 1678 ut
1733 1615 1759 1680 ii
1777 1615 1861 1698 siut,
1889 1634 1989 1695 quam
2009 1624 2045 1677 tu

248 1707 418 1771 nationem
439 1710 631 1793 appellasti,
658 1714 718 1793 qui
742 1713 864 1799 integri
889 1727 968 1779 sunt
994 1728 1026 1779 et
1045 1718 1119 1781 sani
1140 1729 1173 1782 et
1193 1722 1280 1783 bene
1303 1723 1464 1785 derebus
1484 1721 1673 1785 domesticis
1694 1720 1873 1784 constituti.
1913 1722 2044 1783 Horum

250 1811 310 1889 qui
333 1813 497 1876 voluntati
526 1819 711 1880 commodis
741 1818 897 1902 opinioni
925 1820 961 1883 in
988 1824 1206 1906 gubernanda
1224 1847 1261 1889 re
1280 1827 1415 1910 publica
1436 1829 1598 1909 serviunt,
1616 1826 1806 1891 defensores
1828 1825 2045 1907 optumatium

250 1914 385 1995 ipsique
407 1926 610 2001 optumates,
635 1921 835 2006 gm'vissumi
855 1935 888 1988 et
907 1928 1092 1992 clarissumi
1111 1931 1199 1995 cives
1220 1941 1438 1995 numerantur
1458 1943 1492 1997 et
1509 1931 1679 2015 principes
1699 1929 1848 1994 civitatis.
1887 1935 1938 2013 98.
1959 1926 2047 2014 Quid

248 2026 298 2079 cst
318 2019 420 2100 igitur
438 2025 650 2101 propositum
670 2027 723 2084 his
743 2033 792 2086 rei
813 2031 967 2106 publicae
985 2037 1280 2116 gubernatoribus,
1301 2040 1394 2117 quod
1413 2035 1534 2100 intueri
1554 2047 1674 2116 etque
1696 2055 1826 2099 cursum
1846 2054 1946 2098 suum
1966 2034 2045 2096 diri·
2065 2037 2103 2102 15

249 2140 329 2204 gere
350 2123 515 2185 debeant?
544 2121 586 2183 ld
606 2125 700 2201 quod
719 2134 768 2187 est
788 2129 1118 2207 praestantissumum
1138 2159 1359 2219 maxumeque
1386 2142 1533 2224 optabile
1559 2140 1715 2204 omnibus
1738 2138 1827 2203 sanis
1847 2138 1995 2202 ethonis
2016 2148 2049 2200 ct

247 2224 374 2304 beatis,
404 2246 475 2287 curu
502 2225 660 2310 dignitate
686 2227 799 2290 otium.
840 2234 915 2293 Hoc
941 2231 1001 2311 qui
1027 2232 1166 2306 volunt,
1194 2250 1310 2321 omnes
1338 2251 1546 2313 optumus:
1575 2245 1636 2311 qui
1654 2242 1816 2323 efficiunt,
1842 2242 1966 2305 summi
1984 2241 2048 2304 viri
2135 2252 2139 2257 “

249 2338 293 2389 et·
310 2339 558 2393 conservatores
586 2330 727 2394 civitatis
750 2341 920 2414 putantur.
961 2336 1079 2413 Neque
1107 2333 1196 2396 enim
1216 2354 1324 2395 rerum
1346 2336 1565 2417 gerendarum
1586 2334 1747 2421 dignitate
1765 2343 1919 2402 homines
1940 2337 2050 2408 efferri

249 2432 294 2494 ita
309 2434 479 2515 convenit,
499 2445 535 2498 ut
547 2436 617 2497 otio
632 2454 700 2498 non
714 2436 932 2519 prospiciant,
952 2456 1062 2517 neque
1083 2438 1190 2499 ullum
1204 2437 1386 2517 amplexari
1400 2438 1519 2517 otium,
1540 2442 1634 2520 quod
1650 2441 1828 2504 abhorreat
1845 2463 1865 2505 a
1878 2443 2049 2527 dignitate.

328 2540 444 2603 XLVI.
485 2538 595 2603 Huius
612 2551 722 2603 autern
743 2541 870 2604 otiosae
889 2540 1057 2625 dignitatis
1076 2544 1158 2603 baec
1178 2539 1394 2602 fundamenta
1413 2550 1508 2620 suut,
1528 2543 1610 2604 haec
1630 2547 1796 2626 membra,
1816 2568 1903 2627 quae
1922 2552 2045 2613 tuenda
2064 2557 2108 2623 20

249 2640 457 2724 principibus
479 2653 511 2704 et
530 2645 585 2706 rel
605 2644 721 2725 eapitis
742 2646 892 2727 periculo
911 2644 1121 2707 defendenda
1140 2652 1234 2724 sunt,
1259 2644 1456 2728 religiones,
1486 2644 1651 2726 auspicia,
1678 2656 1856 2725 potestates
1877 2653 2049 2737 magistra·

250 2757 360 2827 tuum,
380 2755 512 2809 senatus
533 2749 728 2831 auctoritas,
752 2752 861 2836 leges,
885 2769 957 2816 mos
976 2749 1156 2829 maiorum,
1181 2747 1321 2830 iudicia,
1347 2747 1429 2812 iuris
1450 2748 1568 2830 dictio,
1595 2748 1697 2830 fides,
1716 2750 1926 2832 provinciae,
1945 2759 2047 2840 socii,

250 2849 369 2934 imperi
395 2855 489 2926 laus,
517 2873 569 2916 res
597 2853 765 2937 militaris,
791 2850 966 2923 aerarium.
1002 2882 1058 2941 qq.
1079 2858 1208 2918 Harum
1235 2873 1347 2916 rerum
1374 2864 1423 2915 tot
1443 2863 1542 2933 atque
1562 2862 1725 2916 tantarum
1745 2874 1816 2918 esse
1836 2856 2045 2929 defensorem

251 2968 284 3019 et
304 2966 483 3038 patronum
503 2957 616 3042 magni
635 2959 738 3023 animi
759 2969 823 3041 est,
844 2959 953 3046 magni
971 2959 1086 3044 ingeni
1106 2979 1314 3043 magnaeque
1332 2957 1545 3023 constantiae.
1585 2959 1713 3021 Etenim
1742 2956 1895 3023 intanto
1924 2962 2046 3032 civium

250 3083 392 3128 numero
421 3083 543 3148 magna
569 3064 748 3127 multitudo
775 3074 824 3129 est
850 3084 983 3146 eurum,
1014 3064 1073 3146 qui
1097 3074 1154 3127 aut
1180 3074 1319 3145 propter
1343 3071 1466 3125 metum
1492 3081 1639 3144 poenae,
1669 3074 1880 3143 peccatorum
1906 3086 2045 3132 suorum
2064 3074 2105 3142 05

251 3170 394 3249 conscii,
413 3188 521 3231 novos
541 3178 651 3231 motus
671 3170 972 3250 conversionesque
991 3170 1041 3233 rei
1059 3167 1214 3252 publicae
1235 3177 1408 3248 quaerant,
1427 3175 1485 3228 aut
1506 3166 1565 3245 qui
1577 3176 1713 3250 propter
1728 3168 1865 3232 insitum
1880 3174 2047 3252 quendam

251 3272 354 3337 animi
381 3273 528 3336 sororem
553 3274 728 3337 discordiis
755 3275 878 3339 civium
903 3297 942 3343 ac
967 3273 1131 3339 seditione
1157 3283 1350 3356 pascantur,
1379 3281 1437 3334 aut
1463 3270 1522 3351 qui
1548 3281 1687 3353 propter
1712 3271 1972 3354 implicationem
1998 3278 2048 3340 rei

251 3377 423 3442 familiaris
454 3379 624 3442 communi
643 3378 804 3443 incendio
832 3379 948 3442 malint
975 3399 1075 3458 quam
1100 3397 1162 3441 suo
1193 3380 1386 3461 deflagrare.
1426 3376 1493 3460 Qui
1521 3396 1597 3439 oum
1624 3386 1774 3443 auctores
1798 3388 1926 3442 suntet
1946 3383 2048 3444 duces

252 3505 390 3547 suorum
415 3482 602 3547 studiorum
627 3484 851 3564 vitiorumque
876 3484 982 3565 nacti,
1007 3482 1043 3545 in
1062 3482 1253 3564 republica
1273 3485 1392 3544 fluctus
1415 3480 1613 3561 excitantur,
1640 3491 1678 3544 ut
1697 3481 1907 3565 vigilandum
1927 3484 1972 3551 sit
1988 3486 2049 3564 iis,

252 3591 311 3670 qui
338 3589 403 3652 sibi
429 3584 653 3673 gubernacula
678 3588 805 3671 patriae
831 3593 1116 3671 depoposcerunt,
1147 3587 1407 3665 enitendumque
1432 3585 1525 3649 omni
1550 3585 1686 3649 scicntia
1712 3606 1750 3649 ae
1776 3586 1967 3671 diligentia,
1992 3600 2048 3670 ut,
2066 3597 2108 3663 30

252 3695 456 3758 conservatis
476 3694 537 3774 iis,
557 3714 642 3773 quac
663 3713 727 3778 ego
746 3696 862 3776 paullo
881 3704 957 3757 ante
977 3694 1193 3755 fundamenta
1214 3712 1252 3754 ae
1272 3693 1422 3761 membra
1440 3710 1511 3753 esse
1531 3689 1620 3762 dixi,
1642 3701 1753 3755 tenere
1773 3711 1908 3755 cursum
1920 3693 2050 3774 'possint

253 3809 285 3862 ct
306 3819 424 3880 capere
445 3799 493 3859 oti
512 3799 605 3860 illum
625 3809 761 3880 portum
782 3809 815 3861 et
834 3798 1013 3884 dignitatis.
1057 3821 1124 3867 roo.
1143 3799 1239 3860 Hanc
1259 3816 1322 3882 ego
1344 3796 1450 3876 viam,
1478 3795 1622 3876 iudices,
1649 3798 1678 3858 si
1701 3806 1758 3864 aut
1776 3817 1928 3878 asperam
1948 3806 2049 3877 atque

253 3908 392 3968 arduam
412 3916 469 3968 aut
488 3907 621 3986 plenam
640 3923 711 3965 esse
731 3902 956 3984 periculorum
977 3913 1035 3965 aut
1053 3900 1249 3967 insidiarum
1270 3921 1408 3985 negem,
1434 3899 1594 3969 mentiar:
1609 3901 1810 3984 pracsertim
1828 3920 1904 3966 cum
1924 3901 1959 3965 id
1977 3921 2048 3969 nou

253 4016 358 4076 modo
378 4012 597 4075 intellexerim
618 4029 769 4090 semper,
790 4017 840 4069 set
859 4007 957 4069 etiarn
978 4017 1110 4091 praeter
1130 4018 1256 4070 ceteros
1276 4006 1445 4068 senserim.

334 4120 467 4184 XLVll
507 4115 691 4179 Maioribus
710 4115 884 4199 praesidiis
904 4114 1059 4202 *copiis
1072 4122 1294 4231 oppugnatur⁸
1298 4131 1349 4174 res
1363 4110 1511 4192 publica,
1530 4126 1632 4191 quam
1646 4107 1836 4173 detenditur
1843 4066 2047 4192 ,propterea
2066 4121 2107 4189 35

254 4225 347 4302 quod
367 4225 506 4286 audaces
527 4221 680 4284 homines
702 4231 734 4282 et
753 4220 875 4302 perditi
894 4229 975 4283 nutu
997 4218 1215 4300 impelluntur
1233 4227 1265 4278 et
1285 4215 1348 4297 ipsi
1370 4215 1468 4278 etiam
1494 4224 1613 4298 sponte
1633 4232 1693 4279 sua
1712 4223 1828 4276 contra
1848 4232 1920 4277 rern
1937 4215 2049 4297 publi-

254 4348 327 4389 cam
346 4325 538 4390 incitantur:
560 4327 642 4389 boni
663 4324 774 4386 nescio
796 4327 968 4403 quomodo
990 4320 1149 4385 tardiores
1170 4331 1248 4384 sunt
1267 4330 1299 4382 et
1318 4319 1490 4401 principiis
1510 4339 1621 4383 rerurn
1639 4317 1795 4401 neglectis
1809 4320 1852 4380 ad
1864 4328 2048 4382 extremum

253 4430 327 4510 ipsa
346 4429 491 4507 denique
510 4426 701 4492 necessitate
721 4427 921 4506 excitantur3
945 4428 991 4490 ita
1020 4438 1058 4495 ιιι
1076 4445 1318 4505 nonnunquam
1345 4424 1553 4490 cunctatione
1582 4443 1621 4487 ac
1647 4422 1816 4505 tarditate,
1843 4425 1925 4489 dum
1947 4423 2047 4488 otium

324 4664 409 4719 ERN.
444 4666 469 4719 3.
488 4683 540 4716 esse
558 4666 682 4718 volebant.
717 4665 742 4720 5.
760 4669 819 4739 quis
835 4682 898 4734 ergo
916 4669 965 4715 iste
983 4667 1096 4734 optimus
1113 4661 1246 4735 quisque?
1274 4660 1408 4731 probante
1431 4657 1581 4730 Madrlglo.
1615 4657 1769 4714 sedetiam
1795 4680 1867 4712 nunc
1885 4674 1992 4717 vereor,
2019 4671 2049 4710 ut
2146 4648 2150 4656 ¹

254 4750 307 4802 hoc
320 4749 445 4802 Latinum
458 4753 500 4804 sit.
518 4747 591 4821 (quis
600 4768 662 4818 ergo
674 4754 722 4801 iste
737 4751 875 4821 optimus?
891 4748 972 4821 quir?
991 4747 1026 4800 Α.
1038 4747 1065 4800 d.
1078 4748 1177 4818 partim
1187 4749 1268 4800 etiam
1281 4745 1342 4798 BC:
1358 4750 1468 4818 quisque
1483 4744 1612 4813 numae.)
1645 4748 1670 4798 8.
1688 4751 1791 4818 negotia
1816 4747 1859 4800 at.
1875 4742 1939 4797 Esto
1951 4745 2047 4814 igitur,

256 4847 284 4887 ιιι
302 4835 333 4886 Ιιι·
346 4839 400 4886 sint
428 4835 468 4889 12.
487 4837 584 4905 quiqui
599 4837 696 4904 integri
723 4834 767 4887 st.
785 4835 825 4887 lu's
860 4834 903 4921 33.
921 4845 969 4887 aut
985 4834 1095 4893 arduam

324 4971 453 5027 Lucri.
487 4972 565 5025 abed.
601 4972 625 5026 3.
642 4974 824 5025 “revelabant
840 4974 898 5027 abc.
917 4990 982 5027 non.
1000 4969 1028 5025 d.
1063 4970 1090 5030 5.
1104 4969 1278 5041 probarentur
1294 4965 1338 5020 ad.
1358 4985 1413 5020 non
1434 4967 1478 5023 bc.
1515 4967 1589 5035 lbid.
1606 4970 1664 5038 quis
1675 4983 1737 5035 ergo
1749 4966 1859 5031 optimus
1874 4964 1949 5016 iste?
1965 4970 2024 5037 quis
2034 4964 2049 5014 ?

256 5061 383 5115 abeston
393 5059 422 5112 d.
453 5060 478 5110 8.
496 5058 690 5127 negotinabcd.
719 5061 759 5111 11.
777 5058 842 5109 Esto
859 5063 955 5129 igitur,
973 5068 1004 5109 tet
1021 5055 1051 5107 lu·
1065 5059 1119 5106 siut
1137 5054 1216 5110 abed.
1253 5054 1295 5114 12.
1312 5065 1338 5104 ot
1355 5056 1403 5123 qui
1416 5051 1496 5104 ebed.
1528 5053 1568 5103 111.
1583 5055 1749 5101 nominantur
1767 5047 1847 5109 abed.
1876 5047 1918 5101 16.
1936 5049 2050 5121 optabile

256 5148 326 5196 renis
337 5159 377 5195 ac.
388 5161 443 5196 non
456 5141 503 5195 bd.
522 5142 563 5199 20.
576 5146 742 5195 constantiae.
760 5142 837 5194 Hane
848 5160 895 5214 ego
907 5147 978 5197 uiam
988 5140 1027 5210 (§.
1037 5140 1109 5206 1⁰⁰.)
1118 5159 1141 5197 a.
1159 5142 1202 5193 28.
1215 5151 1312 5193 tutores
1323 5150 1384 5195 sunt
1394 5157 1417 5193 e.
1428 5155 1484 5193 nou
1495 5133 1544 5197 bd.
1561 5135 1603 5189 31.
1616 5134 1657 5188 dir
1667 5132 1729 5188 bed.
1746 5134 1789 5197 36.
1798 5152 1847 5189 su
1858 5147 1971 5207 rpentes
1981 5131 2048 5187 sols·

246 5273 250 5280 ’
327 5276 454 5333 LECTI'.
471 5279 563 5342 ΜΕΜ.
600 5282 641 5335 tt.
658 5278 792 5351 Sequitur,
813 5292 842 5334 ιιι
860 5284 881 5331 ii
896 5285 950 5332 rint
966 5279 1147 5355 probabiliter
1163 5276 1326 5347 Madvigius
