4740 6068
1870 390 1917 459 33

175 580 249 659 '„†
275 578 357 659 Qua
371 574 488 641 enim?
519 573 582 659 qui
599 574 867 662 rempublicam
890 586 985 641 certo
998 572 1118 641 animo
1139 572 1333 651 adiuuerit.
1352 572 1538 651 statraerit,
1557 570 1694 639 steterit
1708 596 1787 640 eum
1809 572 1916 639 Aelii·

110 680 185 747 eu's“
207 721 244 731 -
266 685 437 747 vobiscum
460 707 512 747 me
531 683 659 746 stetisse
680 685 827 766 dicebat,
855 695 982 748 vestros
1009 683 1144 747 ordines
1169 685 1434 747 demonstrabat:
1464 683 1684 745 revocabatur
1710 684 1753 743 ab
1782 682 1916 753 univer-

51 786 54 791 ’
107 791 153 853 sis
174 828 215 837 -
235 814 300 873 „re
319 789 426 853 dubia
448 790 534 853 daut
555 787 729 853 dubitarit
749 788 859 854 ailam
885 791 1016 873 offirrre
1042 811 1106 853 nec
1127 785 1239 871 capiti
1251 786 1477 872 pepercerit.“
1520 809 1587 854 rar.
1607 790 1699 850 Haec
1719 787 1852 867 quantis
1873 790 1915 851 ab

107 897 168 959 illo
189 899 391 960 elamoribus
411 898 611 983 agebantur!
631 920 707 960 cum
731 898 797 959 iam
820 898 945 961 omisso
967 907 1083 979 gestu,
1103 894 1214 958 verbis
1234 901 1355 977 po'e'tae
1375 904 1408 957 et
1426 893 1538 959 studio
1560 894 1680 956 actoris
1696 906 1727 957 ct
1747 904 1917 976 exspecta-

110 1002 194 1065 tioni
213 1015 347 1066 nostrae
371 1005 605 1085 plauderetur:
636 1005 841 1085 „Summum
868 1000 1040 1078 amicum,
1068 1021 1204 1064 summo
1233 998 1269 1061 in
1298 1000 1414 1063 bello“
1433 1036 1473 1049 —-
1500 1021 1578 1063 narn
1606 1000 1691 1063 illud
1718 1000 1792 1083 ipse
1822 999 1954 1063 actor5

33 1178 36 1183 ,
106 1108 309 1194 adiungebat
329 1109 436 1172 amico
457 1110 571 1173 animo
593 1120 625 1172 et
644 1111 787 1173 sortasse
806 1110 962 1173 homines
981 1119 1121 1192 propter
1141 1106 1279 1187 aliquod
1299 1106 1501 1170 desiderium
1522 1108 1774 1190 approbabant:
1797 1130 1917 1190 „sam-

106 1235 165 1276 mo
187 1209 325 1301 r'ngenio
341 1212 576 1297 praeditam.“

186 1322 290 1383 LVll.
333 1324 403 1386 lam
431 1322 510 1399 itta,
541 1333 668 1405 quanto
694 1344 771 1386 eum
801 1322 927 1408 gemitu
956 1323 1077 1406 populi
1108 1320 1250 1384 Romani
1278 1322 1320 1382 ab
1346 1321 1466 1383 eodem
1494 1321 1610 1403 paullo
1636 1331 1714 1404 post
1739 1320 1776 1383 in
1797 1322 1914 1383 eadem

88 1425 216 1489 -sabula
242 1438 321 1491 suut
349 1434 439 1492 acta!
469 1436 521 1511 „O
542 1432 695 1512 pater!“
721 1466 761 1483 -ν
791 1435 862 1511 Me,
892 1451 946 1492 me
974 1430 1032 1493 ille
1059 1432 1232 1493 absentem
1258 1437 1295 1489 ut
1321 1439 1448 1508 patrem
1477 1430 1724 1509 deplorandum
1752 1430 1913 1510 putabat,

104 1552 203 1611 quem
224 1536 264 1618 Q.
286 1538 442 1613 Catulus,
472 1559 572 1617 quem
599 1536 692 1600 multi
716 1537 773 1599 alii
799 1557 899 1618 saepe
926 1536 961 1597 in
982 1546 1098 1599 senatu
1119 1542 1247 1618 patrem
1268 1534 1395 1616 patriae
1415 1533 1638 1597 nominarant.
1679 1536 1812 1617 Quanto
1834 1555 1909 1597 eum
1934 1536 1974 1600 10

102 1642 180 1700 tletu
204 1642 247 1702 de
266 1640 333 1703 illis
354 1644 475 1705 nostris
496 1644 658 1706 incendiis
679 1665 717 1706 ae
745 1642 872 1723 ruinis,
901 1664 977 1704 eum
1005 1654 1134 1724 patrem
1161 1644 1318 1724 pulsum,
1347 1640 1488 1722 patriam
1521 1640 1675 1703 afflictam
1706 1643 1915 1722 deploraret,

103 1747 243 1809 danaum
266 1747 436 1811 incensam
457 1759 691 1829 eversamque,
713 1748 761 1810 sic
782 1749 867 1834 egit,
891 1759 925 1810 ut
946 1750 1167 1812 demonstrata
1189 1747 1328 1831 pristina
1349 1749 1503 1828 lo'rtuna,
1523 1769 1599 1810 eum
1620 1769 1656 1809 se
1676 1747 1911 1825 convertisset,

61 1918 64 1923 ,
98 1850 228 1931 „Haec
251 1853 370 1916 omnia
391 1852 467 1917 aidi
485 1852 751 1941 inflammari:“
772 1890 812 1903 -
843 1860 955 1918 fletum
980 1855 1077 1918 etiam
1097 1854 1241 1918 inimicis
1269 1867 1368 1935 atque
1388 1854 1511 1916 invidis
1537 1853 1710 1919 excitaret!
1754 1874 1821 1916 raa.
1846 1857 1911 1914 Pro

100 1957 147 2017 dii
169 1956 392 2023 immortales!
415 1960 511 2040 quid,
531 1961 589 2023 illa
610 1963 894 2041 quemadmodum
917 1960 1001 2025 dixit
1021 1963 1135 2024 idem?
1160 1982 1247 2042 quac
1268 1960 1352 2023 mihi
1372 1962 1507 2041 quidem
1529 1961 1574 2022 ita
1594 1971 1626 2022 et
1645 1968 1718 2022 acta
1738 1970 1770 2022 et
1790 1960 1913 2042 scripta

97 2063 254 2125 videntur
273 2084 365 2135 esse,
386 2076 422 2122 ut
442 2069 496 2122 ret
516 2084 536 2122 a
557 2069 596 2145 Q.
619 2069 751 2137 Catulo,
772 2067 802 2125 si
820 2069 1005 2146 revixisset,
1026 2070 1196 2149 praeclare
1216 2088 1316 2150 posse
1337 2066 1403 2130 diei
1420 2066 1634 2143 viderentur3
1655 2065 1683 2127 is
1698 2064 1788 2129 enim
1802 2064 1908 2129 libere
1930 2056 1969 2120 15

101 2169 342 2249 reprehendere
370 2178 401 2229 et
430 2188 587 2229 accusare
615 2169 735 2249 populi
760 2188 1004 2247 nonnunquam
1033 2174 1251 2235 temeritatem
1277 2176 1408 2237 solebat
1426 2183 1483 2234 aut
1502 2192 1650 2235 errorem
1671 2181 1828 2235 senatus:
1855 2176 1909 2251 „0

102 2268 300 2359 zbgralpici
322 2270 471 2359 Argiui,
505 2271 674 2337 immunes
701 2270 810 2347 Grai,
843 2270 1060 2335 immemores
1087 2270 1280 2357 benefieit“
1315 2280 1393 2335 Nou
1420 2287 1489 2335 erat
1509 2277 1594 2337 illud
1615 2276 1752 2354 quidem
1775 2297 1911 2351 verum3

100 2400 170 2441 non
191 2380 280 2443 enim
301 2381 443 2467 ingrati,
474 2390 524 2443 set
546 2378 678 2460 miseri,
707 2380 830 2459 quibus
850 2382 990 2441 reddere
1010 2380 1171 2457 salutem,
1202 2398 1221 2439 a
1248 2398 1317 2456 quo
1342 2388 1558 2459 acceperant,
1588 2399 1656 2441 non
1683 2378 1817 2458 liceret;
1848 2402 1912 2445 nec

99 2507 184 2549 unus
205 2487 241 2549 in
261 2508 465 2569 quemquam
485 2508 635 2565 unquam
655 2487 782 2571 gratior
803 2508 903 2566 quarn
924 2485 960 2546 in
982 2478 1223 2559 me'universi;
1244 2516 1281 2529 —
1301 2492 1351 2543 set
1372 2491 1482 2544 tamen
1503 2484 1589 2546 illud
1607 2483 1742 2566 scripsit
1763 2486 1910 2549 disertis-

96 2614 212 2655 sumus
233 2601 335 2675 po'eta
353 2616 417 2677 pro
438 2617 511 2671 me3
539 2593 606 2678 egit
625 2592 840 2656 fortissumus
862 2605 974 2673 actor,
1000 2613 1071 2655 non
1091 2592 1201 2653 solum
1225 2598 1401 2671 optumus,
1429 2590 1470 2649 de
1491 2610 1567 2668 me,
1586 2611 1663 2651 eum
1684 2590 1794 2655 omnis
1816 2594 1907 2656 ordi·
1925 2590 1968 2655 9⁰

95 2720 155 2761 nes
189 2702 445 2780 demonstraret,
481 2710 652 2775 senatum,
686 2700 813 2780 equites
849 2703 1041 2780 Romanos,
1070 2696 1264 2758 uuiversum
1293 2696 1460 2777 populum
1492 2696 1684 2755 Romanum
1719 2712 1908 2763 accusaret:

93 2806 301 2885 „Eersulare
325 2803 461 2886 sinitis,
491 2802 587 2869 sistis
609 2802 716 2888 pelli,
741 2807 888 2888 pulsum
906 2800 1113 2887 patimini.“
1153 2806 1246 2885 Quae
1277 2811 1348 2862 tum
1379 2798 1575 2883 significatio
1606 2798 1706 2862 suerit
1737 2805 1909 2884 omniurn,

96 2933 182 2991 quae
204 2913 383 2974 declaratio
403 2912 583 2973 voluntatis
603 2914 645 2973 ab
668 2911 827 2973 universo
849 2913 978 2993 populo
997 2914 1153 2973 Romano
1173 2909 1208 2969 in
1229 2926 1327 2970 eausa
1346 2906 1494 2969 bominis
1515 2925 1586 2968 non
1605 2907 1795 2989 popularis,
1816 2911 1910 2988 equi·

96 3019 172 3079 dem
194 3017 393 3079 audiebam:
416 3017 605 3080 existimare
626 3018 756 3081 facilius
776 3029 938 3101 possunt,
961 3017 1021 3097 qui
1040 3016 1231 3079 adfuerunt.

177 3126 299 3190 LVlll.
346 3131 410 3187 123.
434 3129 489 3201 Et,
517 3123 678 3206 quoniam
699 3147 754 3187 me
772 3128 839 3187 hue
858 3124 1011 3206 provexit
1038 3122 1165 3195 oratio,
1193 3120 1311 3184 histrio
1331 3138 1443 3183 casum
1466 3140 1578 3182 meum
1600 3119 1720 3184 totiens
1743 3124 1904 3185 collaeru-
1924 3124 1964 3187 2⁵

94 3231 210 3311 mavit,
233 3253 308 3293 cum
329 3231 375 3294 ita
397 3234 550 3295 dolenter
570 3244 682 3317 ageret
705 3252 839 3293 causam
863 3253 984 3307 meam,
1006 3242 1043 3292 ut
1066 3250 1131 3291 vox
1152 3228 1222 3292 cius
1242 3229 1301 3291 illa
1321 3228 1490 3310 praeclara
1505 3228 1660 3290 lacrumis
1674 3228 1903 3311 impediretur.

94 3342 212 3417 Neque
233 3342 370 3420 podtne,
397 3357 542 3417 quorum
565 3357 629 3421 ego
650 3360 782 3419 semper
802 3337 936 3421 ingenia
963 3337 1083 3417 dilexi,
1115 3336 1259 3419 tempori
1288 3356 1363 3397 meo
1395 3334 1591 3413 delueruut3
1623 3356 1729 3415 eaque
1754 3340 1903 3419 populus

24 3472 46 3491 a
93 3448 265 3507 Romanus
287 3464 357 3507 non
381 3447 492 3506 solum
513 3446 650 3526 plausu,
670 3457 718 3506 set
740 3444 838 3507 etiam
859 3445 984 3529 gemitu
1007 3464 1069 3507 suo
1091 3442 1333 3525 comprobavit.
1375 3444 1495 3505 Utrum
1517 3440 1619 3525 igitur
1638 3445 1720 3505 baec
1733 3446 1904 3525 Aesopum

93 3550 205 3633 potius
235 3570 299 3633 pro
327 3572 380 3613 me
410 3562 467 3612 aut
496 3551 630 3612 Accium
663 3551 773 3612 dicere
802 3552 966 3633 oportuit,
999 3552 1026 3613 si
1055 3554 1200 3633 populus
1230 3554 1400 3611 Romanus
1424 3550 1634 3629 liberasset,
1664 3571 1708 3613 an
1733 3551 1902 3635 principes

92 3656 255 3720 civitatis?
284 3657 487 3719 Nominatim
509 3678 583 3720 sum
605 3660 794 3739 appellatus
813 3657 848 3719 iu
870 3662 990 3740 Bruto,
1008 3704 1027 3738 ,‚
1039 3654 1193 3730 Tullius,
1216 3653 1278 3737 qui
1294 3654 1488 3719 libertatem
1502 3653 1635 3721 ciuibus
1649 3655 1900 3721 stabiliverat!
1919 3658 1961 3725 30

91 3762 225 3825 Miliens
253 3777 443 3826 revocatum
470 3775 530 3827 est.
573 3768 740 3827 Parumne
761 3764 936 3826 videbatur
955 3767 1103 3847 populus
1126 3768 1299 3826 Romanus
1318 3764 1483 3845 iudicare,
1510 3763 1547 3825 id
1570 3784 1590 3827 a
1615 3784 1668 3825 me
1689 3774 1721 3831 et
1742 3783 1762 3826 a
1781 3775 1898 3829 senatu

163 4028 246 4081 ERN·
283 4030 307 4081 1·
328 4026 403 4103 (laid
419 4035 485 4080 enim
504 4028 580 4103 (Qua
598 4031 665 4079 enim
682 4026 767 4085 auc.
784 4028 841 4095 bc.)
876 4029 899 4080 3.
918 4004 962 4081 nec
980 4029 1108 4081 dubitarit
1129 4026 1209 4091 (duat
1232 4028 1359 4079 dubitarit
1387 4028 1542 4097 Madvigius
1565 4046 1580 4079 e
1600 4029 1723 4098 vestigiis
1742 4028 1893 4081 Codicum:

94 4131 122 4167 at
135 4118 285 4179 dubitarit.)
320 4116 346 4170 6.
355 4120 484 4187 fortassis
513 4118 642 4191 ianime
661 4134 710 4166 err.
730 4128 836 4185 typogr.
873 4117 897 4167 8.
920 4118 989 4167 Tum
1007 4118 1056 4167 illa
1092 4116 1132 4167 15.
1151 4134 1167 4166 a
1190 4114 1326 4180 Catule(a
1341 4114 1376 4188 (l.
1391 4113 1485 4166 L'crtala
1497 4114 1549 4182 Α.)
1585 4114 1626 4167 17.
1644 4119 1732 4166 inanes
1768 4116 1810 4171 22.
1830 4120 1896 4167 siui-

89 4212 137 4256 rtis
173 4204 216 4256 2·'t.
231 4206 399 4257 audiebamus
434 4205 477 4258 31.
491 4208 620 4275 papulum
637 4205 782 4255 llournnum

160 4358 288 4412 LEC'l'l'.
323 4360 400 4413 abed.
437 4364 461 4415 1.
479 4380 559 4433 quam
575 4368 643 4415 enim
659 4377 729 4414 certo
747 4368 833 4415 animo
850 4358 898 4434 qai
913 4365 1028 4434 rempub.
1047 4362 1194 4419 adiuverit,
1212 4364 1312 4412 steterit
1330 4360 1356 4413 d.
1395 4361 1410 4413 3
1436 4381 1465 4413 re
1482 4362 1562 4414 dubia
1580 4362 1595 4395 *
1615 4376 1645 4415 at
1661 4364 1780 4415 dubitari
1797 4377 1825 4415 tu
1844 4371 1897 4418 iam

87 4446 182 4515 efferre
199 4446 225 4496 b.
242 4448 275 4496 ab
293 4451 419 4497 uniuersis
437 4467 481 4499 nec
498 4450 670 4502 dubitavisse
687 4451 781 4520 effare
799 4470 822 4503 e.
844 4452 882 4501 Ut
896 4469 959 4509 nos,
979 4450 1007 4511 d,
1044 4448 1116 4501 lbid.
1132 4452 1232 4519 peperit
1245 4448 1287 4499 bc.
1302 4467 1356 4500 uou
1370 4448 1398 4500 d.
1434 4450 1459 4501 lt.
1478 4456 1592 4501 auctoris
1606 4449 1650 4503 ad.
1666 4470 1721 4503 uon
1736 4472 1761 4507 e.
1796 4453 1820 4507 6.
1830 4456 1896 4523 sor-

89 4537 167 4584 tassie
184 4534 211 4584 b.
230 4538 316 4583 auium
333 4546 357 4583 et
375 4536 447 4604 qrred
454 4538 585 4605 fortassis
602 4556 628 4591 e.
664 4540 687 4593 8.
711 4539 780 4589 Tam
798 4538 847 4587 illa
864 4536 883 4588 d
900 4537 969 4590 sola.
1005 4536 1031 4593 9,
1047 4549 1159 4606 putarat
1177 4536 1220 4587 ad.
1239 4555 1293 4587 noa
1311 4537 1356 4590 be.
1393 4537 1435 4590 10.
1456 4534 1564 4609 (luanto
1581 4540 1747 4610 aumfletu?
1770 4560 1828 4590 cum
1841 4560 1896 4610 pe·

92 4634 157 4671 trem
175 4641 198 4672 a.
234 4622 276 4671 12.
286 4624 405 4690 jbrtuna
413 4624 512 4689 fletum
529 4629 607 4675 etiam
623 4652 660 4665 —-
679 4653 714 4662 -
731 4652 766 4663 ·-
784 4630 916 4674 excitaret.
950 4622 1413 4691 tl‘ourinatim(§.123.)rerocetus
1436 4622 1504 4691 (sle)
1520 4638 1566 4677 est.
1603 4629 1636 4679 la
1661 4628 1729 4679 leuare
1746 4646 1895 4679 consensum

86 4706 154 4773 (sie)
172 4708 205 4759 Ρ.
222 4710 319 4760 Sestius
339 4709 712 4779 tribunuspl.(§.12!1,)-
732 4739 764 4747 —
781 4738 817 4747 -
836 4713 893 4760 ulla
911 4716 938 4762 iu
956 4731 1034 4763 eausa
1057 4714 1193 4761 diceretur.
1232 4712 1275 4763 Tu
1299 4718 1378 4763 etiam
1400 4711 1466 4763 milti
1481 4710 1548 4779 (sic)
1565 4714 1609 4766 M.
1626 4714 1744 4765 Atilium
1763 4715 1894 4784 Regulum

84 4792 266 4861 (§.127.)-
282 4822 316 4831 —-
334 4822 370 4831 -
387 4797 500 4845 reditum
509 4797 623 4863 fuisse?
647 4797 1118 4869 Huneegoreditum(§.128.)—
1136 4826 1172 4835 -
1186 4824 1223 4836 ·-·
1240 4803 1335 4851 exteris
1359 4800 1568 4852 cominendarit?
1598 4797 1682 4873 Quem
1707 4804 1781 4850 curia
1807 4807 1892 4871 magis

86 4908 122 4919 -
139 4908 173 4917 -
190 4908 225 4920 ·-
242 4883 404 4953 dignitatis?
428 4884 536 4934 lleditue
559 4902 622 4935 uero
646 4905 715 4937 meus
738 4891 787 4959 qai
799 4887 903 4955 suerit,
926 4890 985 4957 quis
1009 4886 1140 4957 ignorat?
1163 4905 1221 4935 cunr
1245 4891 1308 4957 ipsis
1332 4885 1619 4952 Nouis(§.131.)-
1637 4912 1672 4922 -
1688 4913 1725 4925 -
1742 4898 1772 4937 ut
1788 4888 1890 4947 dixisti,

84 4968 122 5019 Et
139 4967 272 5019 roboream
288 4965 446 5033 (§.135.)a.
483 4970 524 5023 15.
543 4990 560 5021 a
579 4968 674 5022 Catulo
692 4970 757 5025 bed.
790 4970 830 5023 17.
850 4975 938 5025 inanes
956 4966 1019 5024 bed.
1054 4974 1097 5027 22.
1115 4976 1211 5024 sivistis
1229 4971 1289 5023 bed.
1308 4972 1429 5037 (exulare
1446 4978 1538 5033 sinite,
1556 4977 1655 5026 sivistis
1673 4993 1696 5027 c.
1732 4972 1805 5025 lbid.
1824 4994 1892 5046 quae

85 5065 171 5104 taurea
187 5058 253 5124 sign.
273 5054 290 5106 b
309 5054 376 5107 sola.
413 5056 455 5108 2¹1.
472 5059 639 5109 audiebamus
657 5054 685 5113 d.
705 5074 760 5109 non
778 5058 821 5110 be.
857 5056 900 5111 25.
921 5058 971 5111 bue
989 5057 1073 5113 med.
1092 5059 1158 5123 (nou
1177 5058 1235 5125 be.)
1269 5058 1313 5113 31.
1334 5061 1463 5129 papulum
1487 5061 1634 5115 domanam
1658 5060 1687 5115 d.
1711 5060 1760 5128 (P.
1779 5064 1812 5117 lt.
1832 5061 1890 5128 be.)

154 5208 281 5264 LEC'l'T.
297 5214 391 5266 ltlErll.
428 5214 470 5266 20.
485 5223 565 5283 pue'ta
578 5235 628 5286 pro
648 5234 675 5264 re
693 5212 857 5286 bladrigius.
893 5213 948 5267 sed
966 5228 1154 5289 praeterquam
1175 5213 1250 5288 quod
1268 5215 1320 5267 boc
1342 5216 1422 5266 nimis
1441 5215 1581 5267 infinitum
1599 5229 1656 5278 est.
1676 5219 1817 5271 immemor
1835 5218 1890 5271 leit

84 5296 118 5347 V.
132 5294 161 5347 C.
176 5297 318 5349 verborum
330 5296 354 5361 §
368 5301 425 5353 123.
468 5301 563 5353 l'tram
576 5301 867 5373 igiturbaeeAesopus
880 5308 970 5369 petias
984 5322 1034 5372 pra
1052 5323 1092 5355 me
1113 5303 1285 5354 autAecium
1302 5305 1387 5355 dicere
1403 5306 1528 5372 aportuit.
1564 5302 1786 5378 Utrumqueltoc
1803 5305 1890 5381 sigui·

82 5383 147 5451 fleat
162 5388 266 5463 „quasi
285 5384 413 5439 divimus
433 5386 481 5441 bor
501 5388 646 5453 versiculos
664 5388 817 5468 aliquanda
835 5390 1004 5465 applicatam
1023 5392 1058 5451 iri
1074 5388 1110 5443 ad
1128 5388 1315 5447 detrusionem
1331 5389 1496 5465 laudemque
1515 5396 1632 5448 meam.“

1431 5490 1453 5557 ⁵
