4740 6068
2022 398 2059 473 V

192 650 194 655 »
249 597 388 669 beatur
410 592 590 667 lectiones
610 588 752 665 XXVI.
772 614 794 661 a
812 586 980 663 Grutero
1002 589 1222 662 nominatim
1246 614 1267 663 e
1290 584 1382 663 Cod.
1404 587 1468 663 illo
1491 586 1624 662 allatae
1644 586 1735 661 inde
1753 614 1776 661 a
1794 594 1828 683 S.
1853 592 1919 687 74,
1944 616 1967 663 a
1984 616 2060 690 qua

248 727 436 838 incipiunt
468 722 824 824 redintegrationes,
864 748 985 823 usque
1019 721 1069 793 ad
1106 722 1220 796 finem
1249 720 1429 795 orationis
1468 717 1614 794 videbis
1647 737 1829 820 ‹puattuor
1866 698 2060 795 dumtaxat

250 860 460 934 consentire
487 884 571 931 cum
596 855 686 930 Cod.
709 856 744 929 S.
766 856 951 931 Victoris:
981 852 1160 955 quocirca
1181 853 1253 926 alio
1276 853 1334 927 usi
1355 869 1444 927 sunt
1465 855 1637 927 Tusanus
1662 862 1700 928 et
1721 854 1961 945 Danaesius;
1987 882 2059 930 nec
2159 942 2166 953 ο

252 1009 375 1065 tamen
403 992 482 1093 ipso
507 987 598 1062 Cod.
628 987 744 1088 Regio
772 988 988 1077 Parisionsi;
1028 986 1169 1087 alioqui
1205 1013 1294 1059 saue
1320 985 1551 1088 recepissent
1577 990 1612 1081 S.
1641 991 1687 1059 80
1717 988 1902 1088 egregiam
1926 987 2060 1061 lectio-

250 1152 338 1197 nem
363 1127 459 1196 male
484 1124 547 1196 dic
573 1125 674 1197 Titio
701 1120 881 1204 Sabim‘o,
916 1138 958 1193 ut
985 1120 1054 1193 alia
1077 1121 1266 1225 permulta
1292 1118 1405 1195 huius
1433 1119 1489 1193 rei
1521 1118 1624 1219 signa
1648 1146 1692 1193 ac
1725 1120 1879 1220 vestigia
1907 1120 2056 1195 silentio

250 1254 555 1355 praetermittam.

519 1458 611 1533 Cod.
636 1460 669 1532 S.
695 1459 869 1533 Victoris.
1230 1462 1312 1535 Asc.
1334 1460 1452 1532 tertia.
1483 1455 1519 1552 (c
1537 1458 1742 1559 :Hervag
1769 1454 1991 1560 d=Naug.)
2092 1552 2096 1557 Ι
2195 1484 2198 1489 ·
2262 1508 2268 1517 -

249 1628 278 1711 §.
334 1629 390 1723 78.
442 1626 505 1699 illo
531 1627 593 1701 illo
625 1625 685 1699 die
903 1678 907 1685 -
1209 1629 1275 1699 illo
1302 1628 1365 1699 die
1397 1622 1490 1719 (cd.)

249 1812 271 1842 ‚,
332 1798 382 1814 —
439 1775 564 1844 certe,
592 1775 693 1833 corte
1210 1777 1313 1831 certe
1340 1756 1431 1852 (cd.)

247 1944 269 1975 ,‚
327 1930 379 1945 -
436 1889 644 1991 ispraetor
668 1891 734 1990 qui
761 1916 800 1963 se
821 1914 982 1963 servasse
1207 1897 1239 1964 is
1263 1892 1350 1965 trib.
1376 1895 1429 1989 pl.
1459 1898 1527 1996 qui
1543 1918 1717 1968 servasse
1744 1890 1836 1985 (cd.)

249 2074 271 2105 „
330 2044 387 2114 79.
441 2032 522 2088 tuto
548 2020 588 2087 in
612 2018 695 2119 foro
723 2036 789 2089 tuo
1207 2042 1290 2099 tuto
1318 2026 1468 2124 infore
1496 2023 1561 2118 (c.)
1588 2044 1673 2099 tuto
1700 2028 1854 2127 infore
1877 2044 1956 2099 tum
1983 2022 2054 2121 (cl.)

249 2206 270 2236 ‚‚
327 2192 377 2205 -
429 2146 707 2221 interfationem
1207 2159 1515 2231 intercessionem
1546 2152 1640 2249 (cd.)

249 2337 270 2367 ‚‚
322 2287 378 2356 80.
429 2282 526 2355 male
547 2279 662 2353 dicito
688 2276 838 2353 Sabinio
1210 2315 1241 2347 =
1262 2283 1359 2353 Item
1383 2311 1416 2360 c.
1451 2284 1549 2357 male
1576 2282 1695 2357 dicito
1716 2283 1861 2359 Sabino
1889 2288 1925 2363 d.
1951 2290 2060 2363 Prius

1193 2466 1196 2472 ,
1255 2411 1497 2488 omittebatur
1511 2412 1690 2505 Sabinio,
1720 2416 1790 2491 sed
1804 2420 1944 2495 rectius
1963 2421 2056 2496 Cod.

1255 2548 1365 2645 Reg.:
1397 2547 1496 2619 male
1522 2546 1586 2618 dic
1614 2550 1714 2623 Titio
1739 2550 1911 2628 Sabinio

249 2736 272 2767 „
323 2686 385 2753 81.
434 2678 619 2751 occultam
1210 2694 1437 2775 occupatam
1464 2670 1556 2771 (cd)

248 2868 270 2901 ,‚
322 2814 380 2887 86.
431 2808 571 2882 virtute
1207 2815 1347 2882 virtute
1367 2810 1592 2907 praeditum
1622 2808 1716 2903 (cd.)

249 2998 272 3031 ‚‚
322 2947 381 3037 87.
431 2940 528 3015 relle
554 2958 591 3015 te
616 2969 668 3016 re.
696 2970 731 3044 p.
761 2960 840 3015 tum
1208 2942 1300 3014 velle
1324 2958 1360 3014 te
1383 2942 1473 3039 Περ.
1494 2959 1574 3013 tum
1599 2940 1736 3037 (Aliter
1761 2962 1963 3048 corruptae
1982 2946 2057 3041 cd.)

250 3131 272 3164 „
322 3100 382 3171 90.
431 3100 492 3149 res
516 3073 566 3146 ad
591 3100 828 3148 communem
854 3072 1053 3146 utilitatem
1209 3098 1271 3145 res
1306 3098 1536 3147 communem
1576 3075 1782 3149 utilitatem
1821 3086 2055 3154 continentes

1257 3205 1336 3300 (res
1365 3206 1420 3281 ad
1448 3232 1478 3280 c.
1506 3234 1542 3278 u.
1569 3213 1804 3283 continentes
1832 3209 1911 3297 cd.)

249 3397 271 3429 ‚,
321 3368 379 3439 97.
433 3340 517 3439 quis
540 3368 627 3442 ergo
653 3341 722 3415 iste
748 3340 911 3443 optimus
933 3335 1123 3438 quisque?
1207 3344 1293 3440 quis
1318 3364 1409 3439 ergo
1431 3344 1594 3436 optimus
1622 3343 1725 3414 iste?
1749 3346 1864 3445 quis?
1889 3342 1937 3439 (c.
1965 3352 2052 3449 quis
2124 3408 2129 3415 .

1256 3498 1346 3570 ergo
1377 3479 1448 3547 iste
1474 3476 1670 3571 optimus?
1694 3475 1811 3577 quis?
1834 3472 1886 3567 d.)

249 3663 271 3695 „
303 3635 381 3683 101.
435 3606 622 3703 Quarium
1215 3606 1254 3679 0.
1283 3607 1459 3680 Marium
1485 3602 1577 3701 (cd.)

249 3795 271 3828 ,‚
302 3769 380 3813 102.
433 3742 463 3813 si
487 3741 543 3815 tui
564 3738 732 3813 laborem
1208 3746 1245 3814 si
1267 3746 1313 3813 ui
1341 3737 1516 3813 laborem
1542 3738 1596 3833 (si
1620 3758 1662 3813 tu
1686 3738 1861 3813 laborem
1884 3738 1960 3825 cd.)

249 3928 271 3960 „
303 3898 380 3947 110.
433 3898 522 3945 sane
546 3872 642 3943 altae
666 3868 845 3941 iuvabant
1211 3908 1244 3943 -.·
1265 3872 1373 3969 (sane
1395 3890 1432 3945 te
1459 3872 1644 3947 iurabant
1665 3901 1695 3948 c.
1723 3899 1817 3947 sane
1841 3900 1868 3947 a
1891 3892 1928 3947 te
1953 3880 2057 3949 iura-

1256 4005 1375 4079 batur
1400 4002 1453 4099 d.)

249 4192 271 4224 „
302 4134 379 4211 115.
432 4135 625 4209 coniectus
1205 4143 1399 4212 contuitus
1423 4136 1514 4235 (cd.)

249 4323 271 4355 „
303 4270 381 4341 116.
430 4266 472 4342 in
498 4265 636 4369 templo
663 4266 781 4342 virtus
809 4264 963 4367 honoris
982 4268 1103 4345 honos
1206 4276 1245 4343 in
1277 4274 1413 4370 templo
1441 4278 1565 4347 uirtus
1600 4272 1745 4345 honori
1755 4268 1894 4347 fhonos
1927 4268 1976 4365 (c.
2017 4277 2056 4343 in

1180 4388 1184 4396 ¹
1254 4404 1390 4499 templo
1416 4410 1578 4479 ‘uirtutis
1600 4406 1725 4479 Itonos
1754 4399 1807 4497 (l.)

248 4583 270 4617 „
302 4555 379 4603 120.
432 4530 538 4625 Quid
556 4532 681 4605 enimi
700 4538 754 4615 (si
758 4532 865 4633 fides
890 4532 1094 4619 Gnatum.)
1209 4536 1301 4635 Qua
1323 4541 1421 4609 enim
1445 4538 1492 4632 (c.
1520 4564 1635 4641 quam
1659 4544 1758 4611 enim
1781 4534 1837 4623 d.)

249 4688 378 4759 ,‚129.
431 4679 557 4735 tamen
1208 4706 1241 4741 =
1264 4667 1310 4765 (c.
1339 4687 1418 4742 tum
1443 4664 1497 4762 d.)

248 4846 272 4880 „
303 4800 380 4867 131.
430 4792 559 4869 suisset
582 4792 820 4899 reditusque,
841 4799 973 4875 natalis
992 4798 1092 4877 idem
1190 4804 1354 4902 fuisset,
1373 4807 1443 4904 qui
1457 4804 1606 4879 reditus
1623 4805 1786 4877 natalis:
1809 4798 1907 4871 [dem
1924 4800 2051 4899 [suis-

1249 4954 1310 5035 set
1333 4942 1402 5039 qui
1428 4938 1572 5011 natalis
1601 4934 1699 5007 idem
1724 4959 1754 5006 c.
1773 4935 1928 5034 fuisset
1949 4932 2050 5007 redi·

1253 5086 1315 5141 tus
1344 5072 1414 5169 qui
1434 5069 1577 5141 natalis
1604 5067 1702 5139 idem
1731 5060 1785 5157 (l.)

248 5242 271 5277 „
302 5194 377 5266 133.
429 5208 511 5265 acta
532 5216 616 5267 mea
640 5194 710 5268 sibi
731 5196 792 5269 alii
815 5194 1011 5299 displicere
1201 5228 1250 5277 ac
1271 5218 1349 5273 tom
1373 5226 1421 5275 ea
1446 5199 1524 5274 sibi
1554 5202 1626 5274 clii
1651 5200 1686 5273 d.
1719 5200 1829 5293 (acta
1858 5222 1941 5271 mea
1970 5191 2050 5267 sibi

1255 5339 1314 5407 ait
1333 5332 1370 5409 d.
1393 5350 1498 5409 recte
1520 5360 1551 5409 c.
1579 5350 1670 5409 acta
1689 5358 1772 5409 mea
1798 5332 1858 5405 itti
1879 5328 1915 5401 d.
1944 5322 1999 5418 d)
