4740 6068
496 322 526 336 ···
639 330 727 345 ..ο-ι
761 330 832 345 --0
865 326 933 341 ⁴—-
966 336 1150 359 -·—---..-..,

1763 379 1774 397 ἡ

1738 395 1910 459 -τ-ιι

1944 480 1948 489 .

104 576 198 630 terno
217 576 317 648 atquc
337 566 448 648 avito,
472 566 576 651 regali
597 566 667 631 otio
687 565 939 651 perfruehatur:
967 566 1010 629 de
1030 565 1097 628 hoc
1116 562 1203 627 nihil
1224 563 1411 649 cogitante,
1435 562 1522 627 nihil
1541 566 1748 650 suspicante,
1778 570 1903 636 eisdem

106 671 216 753 operis
236 667 434 756 suffragium
453 672 632 735 ferentibus
653 680 702 735 est
720 678 895 755 rogatum,
914 677 951 747 ut
970 674 1088 734 sedens
1108 692 1184 733 cum
1203 691 1354 752 purpura
1374 677 1408 732 et
1427 677 1558 750 sceptro
1579 680 1612 734 et
1630 671 1697 735 illia
1716 670 1903 758 insignibus
1968 680 1971 687 '

103 775 203 859 regiis
224 774 382 855 praeconi
401 775 537 858 publico
558 776 775 839 suhiiccrctur
794 784 826 838 et
844 775 1029 857 imperante
1048 776 1178 856 populo
1201 766 1370 854 Romatio,
1389 772 1448 852 qui
1470 772 1568 837 etiam
1589 776 1680 837 hello
1703 774 1797 839 victis
1818 779 1909 863 regi.⁴

101 881 166 942 hus
191 900 293 963 regna
321 883 459 942 reddere
488 881 681 962 cousuevit,
706 901 765 943 rex
792 870 919 944 amicus
947 881 1041 943 nulla
1067 878 1189 942 iniuria
1209 888 1485 960 commemorata,
1512 880 1614 943 nullis
1634 881 1734 944 rebus
1753 862 1914 964 repetitis

101 1003 176 1045 cum
199 984 297 1045 bonis
320 983 474 1047 omnibus
494 986 731 1066 publicaretur.
1405 969 1408 975 ’
1917 986 1938 1048 5

181 1088 317 1152 XXVII.
358 1095 407 1152 58.
428 1093 534 1153 Multa
554 1093 691 1173 acerba,
717 1092 820 1153 multa
848 1089 980 1172 turpia,
1006 1091 1111 1152 multa
1137 1089 1327 1151 turbulenta
1345 1085 1464 1149 habuit
1481 1086 1540 1150 ille
1559 1108 1687 1151 annus:
1716 1098 1827 1151 tamen
1852 1089 1903 1152 illi

101 1192 236 1273 sceleri,
256 1195 347 1271 quod
367 1192 403 1254 in
423 1215 479 1257 me
497 1194 633 1260 illorum
653 1195 840 1258 immanitas
861 1195 986 1277 edidit,
1003 1195 1095 1257 haud
1114 1192 1203 1272 scio,
1224 1212 1266 1254 an
1288 1200 1375 1254 recte
1398 1196 1464 1256 hoc
1478 1214 1680 1276 proxumum
1696 1195 1902 1260 essc'dieam.
1986 1262 1998 1285 .

101 1296 299 1358 Antiochum
321 1301 482 1381 Magnum
502 1297 599 1361 illum
625 1299 768 1376 maiores
792 1300 900 1363 nostri
924 1320 1047 1385 magna
1072 1297 1154 1360 belli
1180 1297 1392 1360 contentione
1422 1308 1508 1362 terra
1534 1299 1686 1379 marique
1705 1310 1897 1384 superatum
1948 1342 1955 1355 ·

100 1400 186 1462 intra
206 1408 354 1462 montem
373 1403 520 1464 Taurum
541 1424 681 1487 regnare
703 1403 888 1469 iusserunta
915 1404 1041 1487 Asiam,
1067 1425 1134 1486 qua
1153 1403 1250 1466 illum
1269 1405 1467 1484 multarunt,
1493 1405 1620 1483 Attalo,
1643 1414 1680 1466 ut
1699 1404 1728 1467 is
1747 1396 1900 1489 re‘gnarct
1997 1465 2001 1475 ,

98 1503 134 1565 in
155 1524 212 1585 ea,
229 1506 513 1572 condonaverunt.
554 1509 634 1569 Cum
657 1507 891 1571 Armeniorum
909 1529 988 1594 rege
1015 1510 1158 1594 Tigrane
1187 1528 1289 1593 grave
1309 1509 1437 1570 bellum
1460 1507 1782 1589 perdiuturnumque
1796 1510 1900 1594 gessi·
1919 1507 1960 1572 10

101 1628 196 1691 mus,
225 1630 302 1672 cum
327 1609 385 1671 ille
410 1609 541 1675 iniuriis
567 1611 603 1674 in
630 1610 740 1679 socios
768 1622 900 1675 nostros
925 1613 1107 1679 inferendis
1133 1617 1224 1678 bello
1244 1620 1353 1696 prope
1373 1631 1436 1676 nos
1457 1613 1650 1677 lacessisset.
1692 1613 1756 1676 Hic
1776 1615 1900 1696 etipse

100 1733 161 1794 per
181 1732 218 1776 se
237 1716 415 1783 vehemens
434 1715 497 1778 fuit
521 1729 554 1780 et
576 1739 787 1781 acerrumum
814 1721 945 1780 hostem
972 1718 1072 1783 huius
1098 1718 1217 1802 imperi
1238 1717 1464 1781 Mithridatem
1486 1720 1622 1800 pulsum
1644 1720 1755 1782 Ponto
1776 1719 1899 1800 opibus

99 1818 168 1882 auis
189 1839 361 1902 regnoque
380 1820 528 1884 defendit
548 1831 580 1884 et
599 1843 619 1883 a
639 1823 677 1882 L.
694 1823 856 1915 Lucullo,
885 1841 1018 1884 summo
1039 1822 1114 1885 viro
1133 1835 1233 1903 atque
1258 1823 1472 1905 imperatore,
1505 1823 1623 1904 pulsus
1649 1822 1762 1884 auimo
1788 1833 1900 1885 tamen
1936 1862 1941 1869 -
2001 1817 2010 1823 ’
2078 1842 2083 1850 ·

100 1921 214 1985 hostili
235 1946 311 1986 cum
332 1924 470 2005 reliquis
489 1925 557 1987 suis
578 1924 684 2006 copiis
703 1924 740 1989 iu
759 1925 898 2008 pristina
925 1938 1034 1991 mente
1054 1927 1184 1992 mansit.
1225 1932 1325 1991 Hunc
1350 1930 1410 1991 Cn.
1436 1926 1635 2008 Pompeius,
1664 1945 1741 1988 cum
1769 1925 1805 1986 in
1829 1924 1899 1988 suis

101 2028 215 2090 castris
243 2028 431 2108 supplicem
460 2029 624 2091 abiectum
652 2028 807 2110 vidisset,
834 2031 938 2094 crexit
961 2041 1060 2112 atque
1085 2031 1215 2117 insigne
1241 2032 1391 2116 regium,
1424 2033 1516 2112 quod
1540 2029 1598 2092 ille
1625 2032 1666 2093 de
1696 2049 1759 2092 suo
1790 2029 1958 2110 capite'l5

99 2130 277 2211 abiecerat,
303 2128 452 2210 reposuit
480 2138 513 2192 et
538 2128 635 2190 certis
661 2132 761 2191 rchus
788 2131 959 2210 imperatis
978 2156 1117 2211 regnare
1138 2135 1235 2199 iussit
1254 2157 1315 2199 nec
1336 2135 1446 2198 minus
1467 2142 1499 2198 et
1517 2133 1583 2196 sibi
1603 2143 1635 2195 et
1655 2133 1735 2195 huic
1755 2133 1897 2215 imperio

96 2233 283 2317 gloriosum
303 2233 432 2314 putavit
450 2232 665 2296 constitutum
685 2254 705 2295 a
725 2254 762 2295 se
779 2254 894 2317 regem
909 2252 1011 2312 quam
1025 2237 1239 2296 constrictum
1252 2241 1368 2301 videri.
1409 2245 1458 2314 59.
1480 2246 1515 2316 -1-
1530 2240 1636 2321 Tulit,
1656 2238 1777 2326 gessit,
1794 2238 1899 2319 quiet

100 2339 173 2419 ipse
192 2337 296 2399 hostis
318 2337 380 2398 suit
400 2336 519 2418 populi
540 2336 684 2399 Romani
704 2347 735 2398 et
761 2357 971 2398 acerrumum
998 2337 1129 2396 hostem
1156 2334 1193 2395 in
1219 2355 1360 2418 regnum
1388 2336 1530 2418 recepit,
1559 2343 1619 2416 qui
1645 2343 1811 2421 conflixit,
1841 2341 1900 2420 qui

100 2442 195 2526 signa
218 2440 377 2520 contulit,
403 2440 462 2521 qui
483 2444 525 2504 de
544 2441 687 2523 imperio
709 2460 817 2521 paene
842 2438 992 2518 certavit,
1019 2447 1136 2529 regnat
1155 2436 1257 2499 hodic
1278 2449 1310 2500 et
1330 2439 1493 2503 amicitiae
1513 2459 1638 2525 nomen
1659 2462 1697 2504 ac
1717 2442 1899 2525 societatis,

98 2549 192 2626 quod
211 2547 311 2608 armis
332 2546 491 2628 violarat,
510 2546 546 2608 id
566 2545 721 2627 precihus
742 2553 792 2607 est
813 2552 1029 2606 consecutus:
1050 2541 1108 2603 ille
1128 2538 1271 2622 Cyprius
1292 2540 1411 2617 miser,
1432 2545 1492 2622 qui
1508 2565 1640 2629 semper
1650 2547 1791 2628 amicus,
1810 2567 1895 2611 sem·
1915 2552 1956 2614 20
1997 2544 2002 2551 ’

98 2673 159 2732 per
179 2651 289 2714 socius
310 2651 388 2732 fuit,
410 2653 453 2714 de
473 2670 541 2730 quo
563 2652 656 2711 nulla
676 2670 826 2728 uuquam
845 2645 992 2728 suspicio
1014 2644 1129 2706 durior
1149 2653 1205 2705 aut
1219 2646 1261 2706 ad
1274 2653 1424 2707 senatum
1439 2656 1496 2708 aut
1510 2650 1553 2708 ad
1565 2648 1781 2729 imperatores
1799 2655 1899 2716 allata

99 2766 233 2817 nostros
255 2763 323 2835 est,
342 2754 436 2816 vivos
457 2762 508 2831 (ut
528 2753 637 2832 aiunt)
657 2764 706 2815 cst
727 2763 759 2814 et
779 2752 896 2814 videns
918 2771 993 2813 cum
1016 2749 1105 2813 victu
1126 2766 1165 2811 ac
1185 2748 1305 2812 vesutu
1319 2768 1380 2810 suo
1394 2749 1596 2831 puhlrcatus
1638 2754 1703 2831 En,
1725 2775 1784 2817 cur
1798 2756 1900 2819 ceteri

98 2880 193 2944 reges
214 2859 366 2923 stabilem
386 2879 458 2922 esse
478 2870 572 2921 suam
592 2858 762 2921 fortunam
789 2858 1010 2935 arbitrentur,
1034 2876 1109 2918 cum
1135 2856 1202 2917 hoc
1227 2852 1318 2915 illius
1341 2852 1465 2916 funesti
1485 2854 1565 2917 anni
1584 2855 1720 2936 prodito
1742 2861 1898 2939 exemplo

97 2964 231 3026 videant
243 2984 304 3044 per
317 2963 487 3025 tribunum
501 2963 649 3042 aliquem
663 2972 695 3024 et
708 2971 878 3025 sexcentas
890 2981 1010 3045 operas
1024 2982 1060 3024 se
1074 2958 1218 3024 fortunis
1232 2957 1370 3040 spoliari
1383 2966 1414 3020 et
1426 2978 1532 3044 regno
1546 2960 1640 3024 omui
1653 2981 1753 3041 posse
1763 2961 1897 3024 nudari!

177 3069 332 3131 XXVIII.
374 3072 423 3130 60.
452 3070 493 3130 At
520 3067 618 3129 ctiam
647 3087 688 3130 eo
716 3068 852 3151 negotio
881 3072 928 3132 M.
956 3064 1089 3130 Catonis
1113 3066 1328 3147 splendorem
1354 3064 1521 3127 maculare
1547 3066 1777 3146 voluerunt,'
1767 3065 1895 3149 rgnari,
1912 3069 1954 3135 25
2046 3062 2054 3079 ’

98 3173 179 3252 quid
199 3172 360 3258 gravitas,
387 3173 468 3252 quid
487 3171 679 3256 integritas,
707 3173 791 3252 quid
810 3171 1007 3256 magnitudo
1027 3167 1145 3250 animi,
1175 3164 1256 3248 quid
1282 3165 1427 3247 denique
1453 3166 1559 3230 uirtus
1584 3170 1726 3250 valeret,
1754 3190 1839 3249 quae
1859 3169 1896 3232 in

59 3329 65 3337 .
99 3287 291 3358 tempestate
318 3297 416 3339 saeva
443 3276 556 3356 quieta
583 3287 632 3339 est
660 3287 692 3341 et
718 3279 807 3340 lucet
832 3277 868 3338 in
894 3274 1038 3338 tenebris
1065 3283 1097 3336 et
1123 3274 1220 3354 pulsa
1246 3275 1321 3337 loco
1349 3283 1459 3335 manet
1479 3281 1588 3336 tamen
1608 3284 1707 3353 atque
1727 3277 1840 3338 haeret
1859 3275 1896 3339 in

28 3394 40 3465 f
97 3381 204 3462 patria
224 3366 444 3461 splendetque
462 3401 523 3461 per
541 3401 615 3443 sese
633 3401 766 3462 semper
784 3401 894 3461 neque
911 3377 1028 3442 alienis
1048 3397 1196 3458 unquam
1212 3378 1367 3441 sordibus
1380 3376 1571 3440 obsolescit.
1612 3380 1688 3440 Non
1705 3377 1756 3441 illi
1774 3399 1896 3441 ornan-

98 3489 177 3547 dum
200 3489 245 3546 M.
267 3488 444 3564 Catonem,
471 3495 520 3547 set
540 3485 773 3568 relegandum,
794 3505 854 3547 nec
883 3485 933 3546 illi
964 3483 1238 3546 committendum
1258 3483 1343 3545 illud
1362 3481 1550 3568 negotium,
1575 3491 1627 3545 set
1655 3482 1895 3564 imponendum

97 3599 311 3669 putaverunt,
332 3589 391 3668 qui
410 3588 447 3651 in
468 3588 624 3652 contione
644 3589 754 3669 palam
775 3587 919 3650 eliserint
937 3588 1086 3672 linguam
1105 3609 1142 3650 se
1154 3588 1305 3652 evellisse
1319 3591 1368 3654 M.
1380 3587 1513 3663 Catoni,
1534 3608 1620 3666 quae
1632 3606 1764 3670 semper
1777 3598 1892 3651 contra
1911 3594 1952 3659 30

97 3693 373 3756 extraordinarias
393 3697 574 3775 potestates
593 3694 699 3755 libera
717 3691 843 3759 fuisset.
883 3693 1045 3772 Sentieut,
1066 3703 1103 3755 ut
1122 3712 1236 3774 spero,
1255 3678 1351 3754 brevi
1372 3701 1533 3774 tempore,
1557 3712 1690 3754 manere
1709 3691 1896 3758 libertatem

93 3799 187 3859 illam
212 3807 312 3876 atque
341 3800 407 3861 hoc
438 3798 556 3878 etiam,
583 3795 704 3859 siheri
723 3796 887 3878 potuerit,
917 3817 989 3862 esse
1009 3797 1185 3878 maiorem,
1213 3799 1307 3877 quod
1331 3819 1408 3860 curn
1428 3796 1619 3859 consulibus
1640 3796 1705 3860 illis
1728 3801 1774 3859 M.
1795 3799 1897 3879 Cato,¹

97 3903 196 3964 etiam
217 3924 294 3965 cum
313 3901 379 3963 iam
401 3904 606 3983 desperasset
626 3899 752 3980 aliquid
771 3901 965 3980 auctoritate
988 3921 1051 3965 sua
1078 3901 1196 3984 profici
1222 3920 1337 3984 posse,
1367 3913 1479 3974 tamen
1505 3922 1587 3965 voce
1612 3903 1685 3984 ipsa
1710 3923 1749 3964 ac
1775 3902 1894 3968 dolore

95 4001 269 4092 pugnarit‘
276 4017 309 4069 et
328 4015 405 4087 post
425 4027 537 4068 meum
558 4005 739 4068 discessum
759 4005 800 4068 iis
819 4004 976 4073 Pisonem
998 4006 1108 4076 verbis
1129 4010 1211 4074 flens
1233 4029 1344 4076 mcum
1366 4018 1399 4080 et
1420 4007 1469 4073 rei
1487 4006 1642 4088 publicae
1662 4027 1777 4082 casum
1791 4019 1893 4071 'vexa-
1991 4058 1993 4062 .

165 4251 250 4305 ERN.
284 4255 308 4306 1.
327 4258 442 4324 repetitis
460 4256 538 4306 rebus
567 4257 593 4310 8.
610 4256 686 4306 ittam
704 4256 836 4327 Magnum
866 4256 907 4309 13.
925 4275 943 4306 α
959 4255 1070 4307 Lucullo
1087 4253 1131 4320 (l.
1150 4254 1215 4308 add.
1234 4255 1414 4326 llladvlgiut.)
1447 4257 1488 4309 11.
1506 4261 1586 4327 copiis
1608 4261 1663 4307 ιιιίι
1693 4255 1734 4308 15.
1752 4257 1893 4309 ahicam·
1923 4252 1930 4271 ¹

95 4357 145 4410 que
175 4337 214 4391 16.
234 4343 365 4408 irruperatr‘s
388 4344 465 4391 certis
487 4343 562 4391 rebus
598 4340 642 4393 17.
661 4341 770 4394 Abeunt
794 4363 836 4394 vv.
863 4343 939 4400 tutte,
964 4345 1051 4411 gessit.
1088 4340 1130 4395 20.
1148 4360 1246 4412 semper
1262 4345 1362 4405 socius,
1386 4360 1483 4414 scalper
1500 4342 1598 4397 amictas
1626 4341 1668 4396 22.
1686 4350 1787 4395 nostros
1805 4342 1891 4397 allata
1974 4358 1990 4379 r

96 4426 137 4480 28.
152 4444 200 4498 per
217 4443 243 4476 se
272 4424 315 4480 31.
324 4427 449 4494 Ῑῖιιίιιιι.Ι
476 4427 568 4488 Tulit,
584 4431 674 4498 gessit.
708 4425 760 4480 Sat
775 4432 883 4508 sentient
916 4425 959 4479 32.
974 4428 1072 4494 poterit

171 4561 296 4615 LECI’T.
333 4563 413 4618 abed.
448 4567 473 4618 1.
489 4570 605 4636 repetitis
629 4566 705 4616 retus
730 4564 790 4617 ahc.
815 4581 871 4614 non
895 4560 926 4619 d.
960 4561 1052 4616 7.1ιοι
1075 4576 1142 4616 recte
1166 4563 1224 4616 abc.
1250 4580 1306 4616 non
1331 4562 1357 4615 (1.
1394 4561 1467 4614 tbtd.
1490 4563 1607 4614 dicamus
1632 4562 1735 4617 daola.
1771 4563 1796 4617 8.
1815 4544 1903 4615 ithu'
1989 4592 1996 4613 .

96 4649 227 4721 Magnum
244 4648 303 4704 ahc.
322 4667 377 4701 non
398 4647 424 4700 d.
461 4651 503 4702 to.
521 4651 723 4720 diuturnumque
739 4668 754 4705 c
771 4648 840 4709 sola.
875 4647 918 4714 ts,
935 4668 953 4699 ιι
968 4648 1082 4700 Lucullo
1097 4646 1179 4705 abed.
1214 4646 1256 4701 11.
1279 4651 1360 4719 copiis
1381 4652 1435 4698 ιιιίι
1458 4646 1540 4699 abed.
1575 4647 1616 4708 15,
1634 4650 1810 4718 αιίιιιιιιιιᾳιιο
1826 4646 1887 4697 abc.

94 4733 196 4786 nond.
232 4734 273 4788 16.
292 4738 424 4804 imperatis
441 4737 518 4784 certis
535 4736 610 4786 rebus
627 4735 686 4795 abc.
704 4738 780 4785 certis
799 4736 931 4805 imperatis
948 4733 1024 4785 ntus
1041 4732 1070 4795 d.
1105 4734 1147 4787 20.
1159 4735 1254 4805 ,ᾳιιοιιιΙ
1267 4737 1348 4797 armis
1366 4731 1385 4784 (1
1401 4732 1469 4786 sola.
1505 4733 1577 4787 ibid.
1595 4753 1693 4804 semper
1708 4736 1805 4790 socius,
1824 4747 1891 4781 sem·

91 4837 138 4888 per
154 4821 253 4887 auricus
269 4817 329 4872 ahc.
348 4834 403 4868 non
424 4815 452 4868 d.
487 4817 530 4870 21.
548 4818 638 4869 durior
654 4821 690 4870 ad
706 4837 757 4872 sen.
776 4836 816 4871 ac.
836 4836 891 4870 non
910 4814 957 4870 1)(1.
994 4819 1038 4872 22.
1055 4829 1155 4871 noetrm
1180 4819 1264 4870 attera
1282 4816 1361 4880 abed.
1396 4819 1439 4874 23.
1455 4819 1557 4890 perdito
1574 4819 1689 4886 exemplo
1708 4812 1753 4867 cd.
1771 4833 1826 4867 non
1845 4813 1887 4868 ah.

95 4901 136 4954 26.
153 4903 252 4953 ualeret
270 4920 338 4975 quae
355 4907 382 4956 r'u
400 4913 548 4971 tempestate
564 4908 653 4975 quieta
670 4924 709 4956 ae.
727 4904 834 4962 ualeret.
853 4904 919 4974 quid
933 4921 1001 4978 quae
1018 4907 1046 4958 ιἰι
1060 4902 1347 4975 tempestatequietals.
1373 4903 1414 4955 Ut
1425 4922 1490 4964 nos
1505 4902 1532 4953 (1.
1567 4901 1610 4953 28.
1624 4918 1671 4970 per
1682 4919 1708 4950 ee
1720 4897 1766 4952 bd
1779 4916 1834 4951 non
1847 4917 1887 4954 ae.

95 4985 139 5041 22.
156 4989 201 5038 aed
215 4988 385 5057 relegandum
401 4987 437 5036 ael
453 4987 523 5038 tttud
537 4986 1751 5064 ιιιςοιίιιιιιριιιανινιιιιι,(11111013,32.ροιιιιίιΙ)()(1.11)1(1.ι)ι(ιι“.ᾳιιαιιιοιιιιιοιοῐι.
1775 4986 1817 5041 33.
1827 5007 1888 5059 per·

86 5071 172 5142 ficere
188 5071 221 5124 ad
225 5073 376 5146 ,preficere
391 5071 434 5125 be.
469 5072 510 5124 31.
529 5071 569 5123 tis
587 5071 629 5128 ad
649 5090 706 5125 non
722 5075 766 5132 be.

164 5198 290 5256 LEC'I'I'.
308 5200 404 5253 MEM.
439 5198 482 5263 17.
508 5200 635 5272 Tigranes
658 5203 741 5270 igitur
765 5201 857 5254 nescio
880 5201 929 5274 qai
946 5199 1021 5274 apud
1038 5201 1200 5256 Manutium.
1235 5201 1290 5258 sed
1308 5203 1456 5275 requiritur
1472 5203 1580 5274 potius:
1608 5203 1683 5283 ΙΥιιιιι
1699 5218 1761 5276 erga
1781 5219 1828 5262 ree
1844 5199 1887 5264 vel

95 5286 183 5352 simile
208 5284 285 5359 quial.
321 5285 362 5347 21.
379 5297 458 5357 atque
475 5286 551 5343 ιτιιιι
567 5284 655 5350 luceru
672 5291 804 5357 lupatria
820 5286 963 5353 Hebraeas
980 5286 1069 5350 Λιιγι.
1089 5289 1114 5352 2.
1134 5306 1162 5362 p.
1179 5287 1238 5348 att.
1912 5306 1917 5313 ·

1433 5384 1454 5455 3
