4740 6068
304 383 329 448 2

308 571 365 623 aut
384 579 447 640 pro
467 577 526 620 reo
548 542 942 638 disputandum,'tamen
963 556 1137 642 aggrediar
1157 560 1200 620 ad
1220 558 1421 642 dicendum,
1440 582 1483 624 nc
1504 583 1577 626 mea
1597 563 1823 648 propugnatio
1841 562 1871 627 ei
1883 561 2110 646 potissumum

309 663 454 725 defuisse
474 661 641 742 videatur,
665 680 845 741 perquem
867 672 916 723 est
936 663 1139 743 perlectum,
1166 683 1209 724 ne
1232 665 1348 727 ceteris
1376 665 1502 729 civibus
1526 669 1664 730 deesset.
1703 671 1810 748 Atque
1830 688 1894 752 ego
1912 668 1960 730 sic
1978 679 2111 746 statue,

309 768 452 847 iudices,
483 787 577 828 ame
596 766 632 827 in
651 769 714 829 hac
734 785 830 828 eausa
852 776 951 845 atque
971 770 1037 829 hoe
1059 777 1206 843 extremo
1223 767 1363 852 stipendi
1382 770 1459 831 loco
1480 769 1609 850 pietatis
1630 770 1740 851 potius
1761 792 1862 849 quam
1882 771 2112 852 defensionis,

334 893 392 932 uer
412 873 463 933 lae
484 890 585 951 quam
603 868 827 950 eloquentiae,
849 869 975 932 doloris
995 854 1351 954 quamtit'genl·}lar1is
1373 893 1445 936 esse
1465 884 1644 957 susceptas.
1685 893 1713 951 4.
1729 876 1865 953 Itaque,
1885 875 1913 936 si
1927 883 1983 937 aut
1996 876 2110 938 acrius

271 987 292 1048 5
313 954 412 1037 e'tiio
434 986 489 1037 aut
510 973 648 1036 liberius
670 994 772 1054 quam
794 973 852 1053 qui
872 984 949 1036 ante
968 995 1022 1035 me
1043 972 1214 1055 dixerunt,
1234 987 1313 1058 peto
1334 998 1354 1040 a
1374 979 1493 1058 vobis,
1513 987 1549 1039 ut
1570 988 1696 1039 tautum
1717 979 1861 1041 orationi
1879 1000 1972 1042 meae
1989 999 2111 1043 eonce-

309 1081 411 1161 datis,
441 1088 602 1160 quantum
632 1088 664 1141 et
689 1080 748 1161 pio
778 1080 890 1143 dolori
918 1091 950 1142 et
976 1081 1080 1143 iustae
1104 1079 1297 1143 iracundiae
1318 1084 1567 1145 eoncedendum
1589 1081 1719 1162 putetis.
1761 1083 1844 1142 Nam
1865 1102 1975 1161 neque
1995 1080 2108 1144 officio

309 1183 517 1247 coniunctior
538 1184 637 1245 dolor
655 1186 744 1246 ullus
765 1203 838 1247 esse
858 1193 967 1266 potest
987 1205 1089 1263 quam
1108 1185 1164 1246 hic
1184 1204 1278 1247 meus
1299 1196 1472 1266 susceptus
1494 1207 1535 1248 ex
1554 1183 1702 1248 hominis
1723 1185 1765 1246 de
1779 1205 1833 1245 mc
1846 1194 1983 1265 optume
1998 1184 2110 1246 meriti

308 1289 476 1371 periculo,
507 1308 617 1366 neque
637 1287 808 1349 iracundia
828 1287 934 1368 magis
955 1289 1024 1349 ulla
1044 1289 1209 1349 laudanda
1230 1309 1330 1367 quam
1353 1309 1411 1371 ea,
1439 1310 1524 1371 quae
1551 1310 1605 1352 me
1625 1290 1808 1352 intlammat
1827 1307 1944 1350 eorum
1965 1290 2111 1367 scelere,

309 1393 463 1473 quicum
487 1391 642 1453 omnibus
664 1412 757 1454 meae
777 1392 893 1454 salutis
914 1391 1143 1455 defensoribus
1161 1395 1284 1458 bellum
1306 1414 1379 1458 esse
1399 1394 1465 1456 sibi
1489 1396 1673 1478 gerendum
1701 1392 1940 1455 iudicaverunt.
1982 1396 2010 1454 5.
2036 1393 2110 1471 Set,

253 1510 292 1571 10
314 1497 471 1577 quoniam
492 1496 631 1577 singulis
651 1495 845 1558 criminibus
866 1496 967 1559 ceteri
985 1497 1248 1579 responderunt,
1266 1498 1374 1561 dicam
1397 1516 1461 1579 ego
1481 1500 1525 1560 de
1539 1497 1634 1558 omni
1647 1508 1732 1560 statu
1748 1500 1790 1560 P.
1804 1496 1908 1569 Sesti,
1930 1497 1972 1557 de
1985 1515 2111 1580 genere

308 1597 412 1675 vitae,
439 1597 636 1679 denatura,
663 1601 706 1660 de
726 1599 893 1679 moribus,
924 1602 966 1662 de
986 1598 1174 1663 incredibili
1191 1622 1305 1665 amore
1325 1602 1361 1663 iu
1381 1605 1506 1681 bonos,
1526 1601 1569 1662 de
1589 1601 1700 1665 studio
1722 1602 1967 1665 conservandae
1986 1599 2108 1663 salutis

310 1701 496 1763 eommunis
517 1711 617 1782 atque
638 1704 705 1784 oti,
732 1706 1017 1784 contendamque,
1045 1703 1075 1766 si
1100 1707 1204 1767 modo
1230 1706 1266 1767 id
1287 1705 1447 1784 consequi
1465 1714 1603 1786 potere,
1630 1714 1668 1766 ut
1695 1703 1732 1765 in
1758 1707 1821 1766 hae
1844 1705 1983 1767 confusa
2005 1715 2109 1783 atque

310 1806 464 1873 universa
484 1807 679 1872 defensione
700 1809 785 1870 nihil
804 1829 824 1870 a
844 1830 918 1890 me,
942 1812 1034 1888 quod
1054 1811 1098 1870 ad
1118 1820 1260 1872 vestram
1282 1810 1527 1890 quaestionem,
1552 1808 1653 1891 nihil,
1680 1810 1773 1889 quod
1794 1810 1835 1869 ad
1858 1829 1972 1889 reum,
2000 1807 2109 1885 nihil,

308 1912 400 1988 quod
421 1912 464 1971 ad
484 1930 554 1973 rem
575 1914 744 1994 publicam
766 1913 950 1995 pertineat,
972 1914 1242 1994 praetermissum
1263 1934 1336 1977 esse
1356 1914 1520 1977 videatur.
1560 1917 1618 1994 nt,
1645 1912 1804 1994 quoniam
1833 1911 1869 1974 in
1892 1909 2112 1994 gravissumis

252 2019 291 2082 15
311 2017 516 2097 temporibus
538 2017 676 2081 civitatis
697 2028 797 2098 atque
816 2017 853 2078 in
872 2017 976 2079 ruinis
996 2037 1129 2081 eversae
1156 2030 1256 2098 atque
1276 2016 1414 2081 alilictae
1438 2018 1486 2073 rei
1505 2017 1660 2090 publicae
1688 2020 1725 2073 P.
1745 2017 1829 2073 sesti
1849 2016 2035 2074 tribunatus
2056 2021 2110 2074 est

308 2138 328 2179 a
348 2118 482 2183 fortuna
501 2122 575 2204 ipsa
595 2125 798 2200 collocatus,
828 2142 898 2185 non
925 2125 1100 2207 aggrediar
1124 2127 1167 2172 aa
1192 2123 1251 2171 itta
1275 2128 1431 2174 maxuma
1455 2121 1555 2190 atque
1575 2111 1793 2193 amplissume
1811 2113 1904 2193 prius
1925 2135 2027 2193 quam
2048 2117 2112 2177 do·

308 2242 427 2301 cuero,
448 2227 570 2298 quibus
591 2226 693 2280 initiis
714 2241 753 2275 uc
772 2223 996 2275 mnuamenu's
1016 2221 1099 2276 haec
1119 2222 1229 2276 tantae
1249 2213 1388 2283 summis
1408 2215 1444 2276 in
1464 2216 1564 2277 rebus
1584 2216 1701 2279 laudes
1721 2216 1878 2280 excitatae
1898 2217 1974 2281 sint.

387 2325 449 2386 Ill.
491 2325 520 2387 6.
541 2324 680 2383 Parente
700 2319 739 2379 P.
759 2315 881 2379 Sestius
902 2323 997 2378 natus
1019 2325 1082 2397 est,
1100 2316 1246 2399 iudices,
1264 2319 1418 2400 homine,
1439 2329 1475 2380 ut
1495 2320 1648 2400 plerique
1667 2319 1881 2401 meministis,
1904 2330 1938 2383 et
1959 2321 2111 2403 sapiente

308 2436 340 2489 et
358 2432 472 2488 sancto
494 2434 526 2487 et
546 2442 685 2486 severo:
705 2421 763 2501 qui
784 2442 859 2482 eum
881 2421 1033 2482 tribunus
1052 2423 1099 2502 pl.
1120 2421 1248 2504 primus
1267 2422 1353 2486 inter
1372 2423 1522 2487 homines
1535 2425 1772 2488 nobilissumos
1785 2427 1992 2506 temporibus
2006 2438 2103 2510 optu-

251 2539 293 2603 20
312 2531 374 2594 mis
395 2531 500 2592 iaetus
522 2537 624 2608 esset,
646 2526 783 2605 reliquis
803 2524 990 2589 honoribus
1011 2544 1081 2584 non
1102 2535 1169 2585 tam
1189 2527 1238 2586 nti
1259 2527 1366 2589 voluit
1385 2548 1487 2607 quam
1510 2528 1762 2612 dignusvideri.
1804 2532 1850 2591 Eo
1864 2541 1999 2592 auctore
2013 2530 2109 2592 duxit

306 2635 544 2702 honestissumi
563 2643 596 2696 et
615 2631 861 2714 spectatissumi
879 2629 962 2706 viri,
990 2631 1025 2692 G.
1051 2627 1165 2688 Albini
1184 2626 1311 2710 filiam,
1335 2650 1376 2693 ex
1402 2651 1471 2710 qua
1495 2631 1551 2695 bic
1577 2642 1625 2697 cst
1646 2654 1732 2716 puer
1756 2642 1790 2696 et
1811 2644 1916 2716 nupta
1935 2634 2001 2696 iam
2024 2633 2109 2697 lilia.

306 2744 447 2806 Duobus
466 2741 519 2802 bis
539 2738 766 2823 gravissumae
784 2728 987 2809 antiquitatis
1007 2728 1087 2793 viris
1107 2731 1155 2793 sic
1174 2734 1334 2813 probatus
1354 2733 1435 2815 tuit,
1455 2733 1589 2813 utrique
1607 2752 1725 2797 eorum
1746 2747 1783 2797 ut
1796 2747 1828 2799 et
1841 2757 1936 2799 carus
1951 2757 2110 2800 maxume

307 2858 339 2910 et
358 2846 523 2910 iucundus
544 2852 640 2906 esset.
679 2835 810 2899 Ademit
830 2834 968 2898 Albinia
987 2835 1096 2899 soceri
1116 2855 1241 2900 nomen
1263 2858 1354 2901 mors
1374 2837 1481 2920 filiae,
1506 2846 1557 2901 set
1585 2837 1755 2901 caritatem
1780 2836 1871 2901 illius
1891 2839 2109 2903 necessitudi-

307 2951 359 3013 nis
379 2959 412 3010 et
431 2942 698 3009 benevolentiam
719 2946 789 3004 non
809 2941 944 3005 ademit.
984 2942 1095 3005 Hodie¹
1121 2942 1169 3006 sic
1197 2947 1288 3006 hunc
1314 2942 1442 3026 diligit,
1466 2951 1502 3003 ut
1526 2960 1588 3005 vos
1612 2940 1780 3007 facillume
1807 2943 1946 3024 potestis
1974 2963 2015 3007 ex
2038 2946 2101 3007 hac

248 3062 289 3127 25
307 3056 361 3118 vel
374 3051 562 3115 assiduitate
576 3049 647 3112 eius
660 3048 714 3110 vel
727 3046 951 3110 sollicitudine
964 3057 996 3109 nt
1008 3047 1158 3111 molestia
1178 3049 1333 3110 iudicare.
1375 3069 1405 3128 7.
1425 3046 1528 3112 Duxit
1547 3065 1687 3110 uxorem
1707 3058 1803 3128 patre
1821 3047 1899 3110 vivo
1923 3048 2054 3130 optumi
2072 3060 2106 3113 et

309 3155 596 3221 calamitosissnmi
617 3153 680 3216 viri
699 3152 820 3232 filiam,
838 3153 877 3213 L.
893 3150 1065 3232 Scipionis.
1105 3155 1202 3217 Clara
1219 3152 1254 3215 in
1274 3155 1341 3216 hoe
1360 3153 1399 3216 P.
1423 3151 1508 3216 Sesti
1527 3150 1767 3234 pietasnxstitit
1780 3162 1813 3215 et
1825 3152 1982 3216 omnibus
1995 3164 2106 3239 grata,

308 3264 401 3344 quod
427 3271 458 3323 et
487 3259 668 3323 Massiliam
694 3257 804 3320 statim
833 3256 1002 3337 profectus
1025 3267 1095 3338 est,
1122 3269 1160 3320 ut
1185 3277 1340 3321 socerum
1358 3257 1472 3321 ridere
1492 3256 1725 3337 consolarique
1746 3268 1860 3340 posset
1880 3260 2034 3325 fluctibus
2054 3262 2104 3325 rei

306 3368 461 3448 publicae
482 3366 679 3446 expulsum,
698 3361 734 3422 in
754 3361 871 3424 alienis
891 3362 986 3425 terris
1004 3363 1183 3444 iacentem,
1207 3383 1314 3443 ¹quem
1333 3364 1371 3425 in
1390 3362 1555 3426 maiorum
1574 3382 1710 3428 suorum
1730 3364 1877 3449 vestigiis
1898 3376 1984 3429 stare
2003 3385 2105 3448 opor-

308 3471 416 3531 tebat:
438 3475 471 3528 et
491 3468 535 3528 ad
555 3484 631 3528 eum
652 3465 755 3528 filiam
776 3467 846 3529 eius
867 3468 1022 3551 adduxit,
1040 3478 1078 3529 ut
1097 3468 1153 3530 illc
1173 3467 1343 3551 insperato
1364 3472 1522 3552 adspectu
1542 3471 1801 3552 complexuque,
1822 3470 1851 3533 si
1864 3489 1934 3533 non
1947 3486 2103 3547 omnem,

250 3576 291 3640 30
310 3583 344 3635 at
362 3570 506 3650 aliquam
528 3581 657 3653 partem
679 3573 839 3635 maeroris
859 3574 912 3635 sui
939 3576 1137 3655 deponeret:
1170 3584 1203 3636 et
1228 3573 1392 3637 maxumis
1423 3570 1540 3637 officiis
1568 3584 1599 3635 et
1632 3573 1722 3637 illius
1748 3594 1960 3655 aerumnam,
1990 3580 2104 3656 quoad

307 3678 408 3761 vixit,
437 3687 470 3741 et
496 3675 585 3740 filiae
615 3676 829 3742 solitudinem
855 3682 1057 3744 sustentavit.
1098 3682 1239 3742 Possum
1268 3681 1369 3741 multa
1398 3677 1509 3741 dicere
1535 3679 1576 3739 de
1600 3677 1815 3758 liberalitate,
1847 3682 1889 3742 de
1911 3680 2102 3745 domesticis

309 3781 439 3864 officiis,
461 3786 503 3846 de
525 3783 693 3845 tribunatu
714 3782 864 3867 militari,
884 3789 926 3849 de
945 3788 1140 3868 provinciali
1160 3788 1196 3850 in
1216 3804 1257 3847 eo
1278 3783 1470 3868 magistratu
1492 3782 1707 3847 abstinentia:
1728 3795 1778 3848 set
1798 3785 1881 3848 mihi
1895 3796 1972 3851 ante
1985 3789 2102 3850 oeulos

308 3892 503 3952 obversatur
532 3889 581 3953 rei
606 3888 760 3971 publicae
779 3885 947 3975 dignitas,
977 3912 1061 3970 quae
1092 3912 1145 3954 me
1175 3893 1219 3954 ad
1245 3909 1317 3965 sese
1339 3889 1442 3971 rapit,
1474 3891 1556 3951 haec
1577 3889 1707 3952 minora
1727 3890 1916 3972 relinquere
1937 3895 2101 3960 hortatur.

307 4000 337 4065 8.
364 3997 528 4081 Quaestor
544 3995 599 4057 bie
620 3998 656 4060 C.
676 3995 816 4079 Antoni,
840 3998 987 4080 collegae
1006 3995 1089 4077 mei,
1108 3997 1252 4077 iudices,
1272 3994 1336 4056 fuit
1359 4005 1469 4074 sorte,
1494 4003 1545 4056 set
1572 3993 1727 4057 societate
1754 3996 1972 4059 consiliorum
1992 4015 2098 4060 mens.

249 4105 290 4172 35
309 4101 480 4184 Impedior
500 4100 694 4164 nonnullius
715 4098 821 4182 offici,
849 4110 886 4162 ut
913 4120 976 4185 ego
995 4100 1211 4183 interpretor,
1235 4098 1418 4186 religione,
1444 4117 1513 4180 quo
1533 4096 1645 4162 minus
1664 4118 1849 4181 exponam,
1874 4120 1975 4180 quam
1995 4102 2101 4166 multa

306 4209 346 4270 P.
367 4207 508 4288 Sestius,
535 4228 611 4271 cum
640 4217 724 4269 esset
749 4226 825 4269 eum
852 4209 981 4291 collega
1008 4227 1102 4288 meo,
1132 4207 1290 4282 senserit,
1320 4207 1438 4297 adme
1458 4203 1632 4286 detulerit,
1659 4214 1785 4284 quanto
1805 4214 1882 4267 ante
1902 4205 2103 4287 providerit.

305 4312 415 4388 Atque
435 4331 498 4394 ego
519 4315 561 4374 dc
582 4311 725 4375 Antonio
756 4309 841 4373 nihil
866 4313 940 4376 dieo
961 4321 1090 4395 praeter
1115 4334 1239 4375 unum:
1271 4329 1454 4391 numquam
1480 4310 1577 4373 illum
1605 4309 1640 4372 in
1666 4309 1727 4373 illo
1753 4328 1886 4375 summu
1914 4311 2035 4377 timore
2062 4334 2102 4379 aa

376 4533 458 4589 ERN.
493 4533 518 4588 6.
535 4534 629 4607 Neque
638 4541 704 4587 enim
715 4510 801 4602 (Nam
812 4551 892 4606 aeque
903 4528 1056 4607 Madvigius
1068 4551 1083 4586 e
1094 4535 1214 4607 vestigiis
1225 4530 1308 4588 codd.
1326 4528 1582 4606 namqne‚'namqat,
1593 4551 1690 4605 nsque,
1703 4533 1861 4605 namura.)
1875 4533 1901 4589 7.
1913 4537 1996 4591 uttam
2011 4536 2055 4593 22
2068 4549 2100 4589 us

309 4629 413 4695 utrique
423 4640 511 4675 eorum
522 4632 555 4672 et.
590 4621 631 4672 23.
650 4622 751 4673 Albino
787 4621 831 4675 26.
848 4633 877 4673 at
896 4621 947 4671 cal.
965 4618 1037 4674 lbid.
1052 4618 1081 4673 C.
1098 4619 1234 4692 Scipionis.
1270 4620 1312 4672 29.
1330 4621 1378 4671 atto
1389 4617 1448 4684 (ills
1459 4616 1577 4686 ABCd.)
1612 4619 1654 4671 36.
1665 4618 1701 4672 Ρ.
1717 4618 1814 4672 Sestius
1830 4647 1867 4662 -
1878 4647 1912 4660 -
1925 4628 2033 4674 senserit
2044 4640 2099 4674 om.

319 4816 324 4829 ι
378 4750 503 4806 [ΕΟΊῪ.
536 4747 615 4802 abed.
651 4748 676 4801 3.
700 4752 727 4800 in
751 4747 799 4799 boe
822 4767 902 4801 eausa
923 4760 1002 4821 atque
1022 4755 1204 4802 exercitatione
1226 4750 1326 4802 ᾰὶσαιᾰί
1344 4768 1362 4801 n
1379 4767 1419 4800 me
1436 4749 1519 4801 ἱοσιιηι
1532 4751 1640 4820 pietatis
1653 4767 1683 4819 p.
1700 4767 1728 4820 q.
1747 4749 1773 4801 d.
1790 4748 1921 4819 querelam
1946 4766 2026 4820 quem
2043 4751 2097 4799 ele-

260 4841 442 4905 ·,···qtteutiam
460 4853 474 4887 a
491 4835 557 4889 sola.
601 4835 626 4888 6.
644 4834 798 4885 concedatur
815 4831 835 4884 d
851 4834 919 4890 sola.
963 4835 987 4888 7.
1005 4836 1080 4903 dolor
1096 4854 1149 4889 esse
1166 4837 1237 4888 ullus
1253 4852 1280 4891 s.
1296 4836 1372 4887 dolor
1389 4834 1470 4885 ultius
1486 4851 1539 4884 esse
1561 4831 1606 4886 be.
1631 4834 1707 4885 dolor
1729 4851 1782 4884 esse
1804 4832 1887 4881 ullius
1910 4829 1939 4887 d.
1981 4835 2006 4885 8.
2030 4850 2099 4903 quoe

251 4937 254 4943 ¹
308 4936 362 4971 om.
387 4938 402 4970 e
425 4919 491 4972 sule.
526 4921 551 4973 9.
568 4922 662 4973 salutis
685 4937 752 4970 meae
774 4919 834 4971 abc.
857 4939 913 4971 non
937 4918 966 4973 d.
1001 4921 1025 4975 9.
1040 4920 1180 4991 gerendum
1202 4922 1254 4974 sibi
1278 4937 1293 4971 a
1316 4918 1383 4973 sola.
1418 4919 1461 4973 22.
1480 4917 1521 4969 lu's
1545 4935 1600 4973 om.
1625 4917 1645 4970 d
1667 4917 1735 4968 sols.
1753 4912 1826 4967 lbid.
1839 4919 1997 4987 gravissimis
2014 4914 2098 4970 abed.

308 5004 424 5059 ibidus
437 5012 540 5077 utrique
556 5024 644 5057 eorum
660 5018 684 5057 et
702 5003 779 5057 abed.
807 5005 847 5056 23.
866 5002 969 5057 Albino
985 4994 1061 5059 abed.
1092 5005 1136 5063 26.
1156 5002 1185 5057 C.
1195 5005 1322 5077 Scipionis
1338 5023 1353 5056 a
1371 5004 1438 5058 sola.
1456 5001 1529 5057 lbtd.
1546 5007 1633 5056 extitit
1645 4999 1868 5052 omuibusasoln.
1893 5000 1936 5052 23.
1965 5000 2013 5050 itte
2037 5001 2096 5056 abo.

309 5108 365 5145 non
389 5090 417 5147 d.
453 5091 494 5144 30.
517 5091 610 5158 effetis
634 5094 707 5144 iltius
730 5110 747 5143 e
771 5091 838 5145 sols.
873 5092 915 5145 32.
942 5094 1054 5145 mattam
1077 5091 1136 5146 abc.
1161 5108 1218 5144 non
1242 5090 1270 5145 d.
1313 5090 1358 5147 33.
1382 5091 1467 5142 adse
1489 5089 1550 5145 abe.
1574 5104 1631 5143 noa
1653 5084 1683 5139 d.
1723 5083 1764 5151 85.
1781 5100 1909 5164 erponem
1931 5097 2032 5156 quante
2056 5105 2096 5142 ae.

309 5176 350 5235 36.
368 5177 402 5233 Ρ.
421 5175 520 5230 Sestius
534 5197 571 5215 ι·
586 5201 622 5218 -
638 5181 744 5229 sensuit
765 5193 818 5231 om.
840 5175 922 5231 abed.
956 5176 1147 5249 ibitisqunte
1167 5187 1229 5229 ente
1244 5175 1263 5229 b
1280 5174 1347 5229 sola.

378 5295 504 5354 an‘t'r.
521 5293 614 5351 ΜΕΝ.
649 5294 691 5352 36.
711 5294 798 5350 Fora:
822 5300 943 5357 senserit,
967 5313 1046 5375 quem
1068 5295 1152 5347 maha
1173 5293 1211 5346 sd
1231 5311 1271 5346 ms
1292 5291 1421 5346 detulerit.
1456 5288 1508 5345 Oa.
