4740 6068
1876 384 1898 450 7

96 559 365 620 commendatum
392 556 548 619 sciebam.
590 554 718 620 Etenim
739 552 871 622 animus
902 555 974 620 eius
1000 558 1114 638 voltu,
1141 557 1265 642 flagitia
1290 555 1472 639 parietibus
1499 559 1714 642 tegebantur:
1745 572 1795 626 set
1820 568 1905 629 haec

97 661 279 725 obstructio
305 680 368 722 nec
393 660 581 724 diuturnast
608 681 717 742 neque
743 664 889 724 obducta
916 661 978 742 ita,
1005 671 1044 723 ut
1063 660 1204 724 curiosis
1225 661 1330 725 oculis
1350 662 1496 744 perspici
1514 682 1585 724 non
1604 665 1721 745 possit.

177 766 219 827 Χ.
258 764 461 829 Videbamus
481 785 587 848 geuus
609 765 709 846 vitae,
729 765 907 848 desidiam,
927 765 1093 843 inertiam3
1113 765 1257 829 inclusas
1277 766 1348 829 cius
1368 766 1540 847 libidines,
1560 768 1619 846 qui
1632 771 1747 852 paullo
1761 773 1902 857 propius

95 878 318 949 accesserant,
343 869 575 931 intuebantur:
602 869 750 949 denique
775 869 874 933 etiam
894 870 1058 934 sermonis
1077 891 1175 934 ansas
1195 873 1311 952 dabat,
1337 872 1460 952 quibus
1479 873 1670 935 reconditos
1691 874 1761 937 cius
1782 895 1898 939 sensus

95 986 208 1039 tenere
227 992 411 1057 possemus.
461 979 510 1037 23.
530 974 702 1037 Laudabat
727 976 832 1038 bomo
850 976 966 1037 doctus
989 977 1211 1057 philosophos
1230 975 1344 1039 nescio
1376 997 1479 1058 quos,
1511 998 1619 1058 neque
1640 997 1757 1041 eorum
1788 986 1938 1048 tamen5

95 1077 233 1141 nomina
260 1087 389 1159 poterat
406 1077 544 1141 diceres
573 1089 624 1141 set
649 1090 760 1142 tamen
793 1099 851 1142 eos
877 1082 1035 1143 laudabat
1059 1080 1220 1163 maxime,
1249 1081 1309 1161 qui
1334 1081 1490 1145 dicuntur
1524 1092 1655 1166 praeter
1682 1072 1807 1149 ceteros
1829 1104 1902 1149 esse

92 1194 245 1247 auctores
265 1191 297 1245 et
316 1184 505 1247 laudatores
525 1184 727 1265 voluptatis:
759 1184 880 1265 quoius
898 1195 1017 1265 etquo
1038 1195 1188 1267 tempore
1209 1197 1240 1248 et
1258 1206 1327 1266 quo
1348 1189 1468 1269 modo,
1499 1207 1574 1249 non
1598 1192 1796 1269 quaerebat,
1829 1212 1902 1253 rer-

93 1287 307 1369 bumipsum
335 1288 492 1352 omnibus
512 1331 608 1358 .....
633 1288 739 1351 animi
759 1300 791 1352 et
811 1289 962 1371 corporis
983 1292 1183 1368 devorabat3
1214 1294 1417 1371 cosdemque
1442 1294 1610 1374 praeclare
1632 1293 1743 1357 dicere
1768 1295 1896 1375 aiebat,

92 1391 249 1473 sapientis
272 1393 385 1457 omnia
406 1414 466 1457 sua
487 1413 586 1457 causa
605 1393 731 1471 iacere,
751 1415 822 1456 rem
842 1378 1011 1475 publicam
1030 1415 1202 1479 capessere
1220 1395 1392 1458 bominem
1412 1398 1498 1460 bene
1511 1417 1629 1461 sanum
1643 1419 1713 1460 non
1727 1408 1897 1481 oportere;

92 1495 177 1558 nibil
206 1516 278 1560 esse
298 1499 529 1580 praestabilius
548 1499 654 1566 otiosa
673 1499 759 1574 vita,
789 1502 890 1580 plena
916 1510 948 1563 et
972 1502 1120 1565 conserta
1145 1502 1392 1583 voluptatibus:
1424 1521 1482 1565 cos
1510 1513 1638 1583 autem,
1665 1503 1723 1582 qni
1750 1503 1897 1567 dicerent
1918 1497 1959 1561 10

92 1599 247 1684 dignitati
268 1622 342 1665 esse
361 1603 589 1684 serviendum,
615 1603 665 1666 rei
684 1599 839 1687 publicae
859 1607 1119 1688 consulendum,
1147 1605 1236 1669 offici
1255 1607 1420 1670 rationem
1439 1606 1589 1669 inomni
1609 1607 1693 1688 vita,
1714 1626 1785 1669 non
1808 1627 1900 1669 com·
1996 1612 2007 1667 .'
2072 1668 2076 1675 ,
2180 1624 2185 1635 ·

93 1708 188 1768 modt
207 1725 280 1769 esse
300 1709 503 1788 ducendam,
528 1710 682 1772 adeunda
702 1728 766 1791 pro
786 1711 893 1793 patria
911 1701 1078 1793 pericula,
1103 1712 1240 1775 volnera
1261 1711 1470 1794 excipienda,
1496 1722 1640 1775 mortem
1662 1714 1901 1795 oppetendam,

92 1809 263 1874 vaticinari
275 1822 375 1891 atquc
387 1812 532 1877 insanire
545 1815 686 1877 dicebat.
716 1835 767 1894 24.
780 1817 829 1877 Ex
842 1814 895 1877 bis
909 1814 1050 1878 assiduis
1064 1817 1134 1878 eius
1147 1816 1415 1897 quotidianisque
1433 1816 1645 1879 sermonibus
1660 1818 1797 1894 etquod
1812 1816 1903 1877 vide·

90 1917 191 1996 bam,
210 1915 410 1995 quibuscum
430 1918 622 1981 bominibus
642 1916 679 1978 in
699 1916 857 1980 interiore
883 1929 977 2001 parte
1002 1921 1136 1985 aedium
1156 1922 1301 2007 viveret,
1328 1933 1362 1985 et
1383 1923 1474 2002 quod
1493 1919 1540 1983 ita
1560 1922 1680 1982 domus
1700 1918 1774 2000 ipsa
1793 1917 1902 1981 fuma-

92 2019 164 2098 bat,
184 2029 222 2081 ut
241 2023 346 2080 multa
366 2021 437 2080 eius
455 2021 619 2078 sermonis
640 2020 763 2079 indicia
783 2024 985 2105 redolerent,
1016 2029 1201 2090 statuebam
1221 2028 1284 2110 sic,
1315 2025 1398 2090 boni
1417 2024 1504 2087 nihil
1522 2027 1565 2088 ab
1585 2025 1652 2087 illis
1669 2025 1768 2107 nugis
1784 2042 1899 2106 exspe-
1920 2018 1960 2082 ts

91 2124 267 2202 dandum,
292 2121 374 2183 mali
393 2120 530 2200 quidem
550 2129 638 2183 certe
656 2119 743 2182 nihil
762 2121 1077 2201 pertimescendum.
1117 2135 1171 2192 set
1195 2133 1290 2214 itast,
1316 2131 1462 2206 iudices,
1488 2138 1543 2212 ut,
1572 2129 1602 2192 ei
1622 2128 1772 2213 gladium
1793 2149 1899 2211 parvo

91 2245 198 2308 puero
217 2235 275 2287 aut
294 2225 323 2287 si
341 2224 511 2287 imbecillo
531 2224 606 2287 seni
624 2233 680 2288 aut
701 2225 804 2287 debili
823 2224 972 2305 dederis,
998 2225 1071 2308 ipsc
1088 2225 1216 2306 impetu
1236 2250 1297 2290 suo
1319 2237 1446 2288 nemini
1464 2244 1600 2306 noceam
1632 2233 1684 2296 sin
1704 2235 1749 2294 ad
1767 2234 1897 2293 nudum

91 2332 147 2394 rel
165 2330 351 2394 fortissumi
369 2329 433 2393 riri
453 2348 575 2410 corpus
595 2329 786 2409 accesserit,
805 2329 912 2411 possit
930 2328 1001 2389 acie
1021 2328 1094 2407 ipsa
1115 2336 1148 2390 et
1167 2328 1248 2389 terri
1268 2329 1395 2392 viribus
1416 2331 1603 2392 volnerari:
1628 2331 1674 2392 ita
1694 2353 1770 2394 cum
1790 2334 1902 2395 homi·

92 2435 191 2500 nibus
211 2435 374 2499 enervatis
396 2444 496 2514 atque
514 2434 738 2518 exsanguibus
759 2433 952 2495 consulatus
971 2439 1139 2510 tamquam
1161 2431 1293 2513 gladius
1315 2442 1398 2494 esset
1419 2435 1530 2515 datus,
1552 2434 1611 2516 qui
1627 2456 1688 2516 per
1701 2456 1737 2498 se
1750 2456 1901 2520 pungere

92 2540 261 2605 neminem
286 2560 446 2621 umquam
466 2539 670 2621 potuissent,
689 2536 726 2599 bi
744 2536 869 2600 sdmmi
892 2535 1013 2618 imperi
1037 2535 1174 2597 nornine
1193 2535 1311 2597 armati
1329 2556 1400 2597 rem
1418 2541 1588 2618 publicam
1610 2543 1894 2605 contrucidarunt.
1917 2543 1958 2606 20

93 2648 225 2708 Foedus
252 2645 402 2707 lecerunt
427 2665 504 2707 cum
531 2642 666 2706 tribuno
693 2643 740 2722 pl.
768 2641 895 2723 palam,
924 2651 961 2702 ut
987 2641 1030 2702 ab
1050 2658 1092 2701 co
1114 2637 1303 2720 provincias
1330 2638 1534 2724 acciperent,
1566 2665 1649 2723 quas
1669 2647 1735 2729 ipsi
1755 2650 1899 2711 vellent:

92 2752 274 2816 exercitum
295 2758 328 2812 et
344 2750 541 2830 pecuniam,
568 2757 726 2827 quantam
751 2747 894 2827 vellent,
921 2765 960 2808 ea
985 2746 1080 2828 lege,
1108 2743 1138 2806 si
1163 2742 1229 2825 ipsi
1253 2743 1346 2824 prius
1370 2744 1504 2808 tribuno
1525 2749 1573 2829 pl.
1594 2748 1747 2810 afflictam
1769 2762 1802 2812 ct
1822 2772 1902 2814 con-

91 2857 239 2923 strictam
260 2855 521 2937 rempublicam
541 2851 763 2915 tradidissent.
804 2852 845 2912 ld
866 2859 977 2912 autern
995 2850 1115 2913 foedus
1138 2868 1213 2911 meo
1234 2849 1396 2933 sanguine
1415 2849 1519 2913 ictum
1540 2852 1662 2915 sanciri
1687 2873 1787 2935 posse
1813 2852 1900 2916 dice-

91 2965 183 3029 bant.
222 2964 271 3028 25.
293 2959 364 3045 Qua
383 2979 420 3021 re
439 2958 618 3040 patefacta,
638 2959 763 3036 (neque
783 2956 873 3019 enim
893 2955 1095 3019 dissimulari
1115 2965 1241 3016 tautum
1259 2957 1368 3016 scelus
1387 2964 1517 3036 poterat
1529 2976 1598 3028 nec,
1612 2957 1732 3036 latere)
1752 2960 1901 3037 promul-

91 3079 214 3153 gantur
232 3086 302 3129 unc
323 3067 511 3144 eodemque
530 3073 682 3146 tempore
701 3063 893 3147 rogationes
912 3065 955 3125 ab
978 3063 1098 3124 codem
1122 3059 1257 3123 tribuno
1279 3062 1321 3122 de
1341 3080 1416 3122 mea
1435 3060 1582 3142 pernicie
1602 3064 1696 3125 etde
1716 3061 1897 3144 provinciis
1916 3064 1957 3127 25

93 3174 269 3238 consulum
289 3170 498 3233 nominatim.

173 3280 232 3341 ΧΙ.
274 3272 339 3340 Hic
369 3285 440 3337 tum
468 3282 601 3336 senatus
628 3272 809 3353 sollicitus,
837 3292 913 3355 sos,
940 3273 1068 3353 equites
1095 3270 1257 3347 Romani,
1284 3269 1435 3349 excitati,
1460 3269 1556 3333 ltalia
1583 3281 1699 3333 cuncta
1723 3285 1898 3354 permota,

93 3401 211 3447 omnes
231 3381 374 3460 denique
398 3379 549 3441 omnium
568 3399 730 3462 generum
750 3388 850 3457 atque
871 3378 1026 3441 ordinum
1049 3374 1137 3441 civ'es
1160 3397 1309 3439 summae
1330 3375 1379 3438 rei
1391 3375 1546 3455 publicae
1559 3394 1580 3436 a
1592 3376 1785 3437 consulibus
1799 3386 1899 3456 atque

93 3509 112 3551 a
132 3506 265 3551 summo
286 3484 427 3567 imperio
450 3486 631 3565 petendum
652 3504 723 3546 csse
742 3481 902 3545 auxilium
922 3483 1184 3563 arbitrabantur,
1206 3502 1280 3543 cum
1299 3479 1349 3541 illi
1369 3479 1432 3542 soli
1454 3489 1562 3542 essent
1582 3488 1713 3560 praeter
1732 3479 1898 3541 furiosum

92 3592 188 3655 illum
211 3591 383 3654 tribunum
404 3591 472 3652 duo
493 3589 543 3651 rci
562 3589 715 3670 publicae
734 3587 897 3669 turbines,
915 3588 1062 3668 quinon
1082 3589 1184 3650 modo
1201 3583 1431 3669 praecipitanti
1443 3584 1568 3666 patriae
1582 3604 1651 3646 non
1665 3574 1895 3666 subvenirent,
1915 3587 1956 3652 30
2100 3568 2109 3575 ”

93 3699 248 3760 sedeam
269 3695 411 3757 nimium
432 3696 525 3757 tarde
545 3694 720 3757 concidere
739 3702 934 3757 maererent.
973 3693 1197 3778 Flagitabatur
1222 3693 1264 3755 ab
1290 3690 1332 3754 iis
1359 3689 1509 3771 quotidie
1532 3710 1608 3752 cum
1626 3689 1770 3769 querelis
1791 3691 1899 3751 bono·
1972 3688 1976 3693 '

92 3822 169 3864 rum
200 3800 370 3879 omnium,
398 3809 467 3860 tum
495 3797 593 3863 ctiam
620 3799 774 3880 precibus
803 3807 954 3877 senatus,
983 3808 1020 3861 ut
1046 3819 1155 3859 meam
1182 3816 1312 3859 causam
1342 3794 1561 3876 susciperent,
1587 3802 1741 3877 agerent,
1769 3793 1899 3872 aliquid
1939 3828 1961 3865 ··,.

95 3906 239 3985 denique
259 3907 302 3966 ad
321 3914 471 3965 senatum
492 3903 670 3964 referrent:
704 3903 729 3963 ii
748 3923 817 3965 non
839 3905 941 3965 modo
963 3905 1134 3986 negando,
1153 3911 1202 3963 set
1220 3900 1316 3962 etiam
1332 3900 1500 3962 irridendo
1514 3899 1766 3980 amplissumum
1781 3920 1898 3977 quem·

94 4035 160 4092 que
172 4013 263 4076 illius
276 4007 403 4072 ordinis
415 4008 685 4088 insequebantur.
727 4014 776 4073 26.
792 4003 857 4072 Hic
870 4007 981 4071 subito
995 4029 1071 4072 cum
1084 4005 1287 4070 incredibilis
1300 4006 1336 4068 in
1349 4005 1550 4086 Capitolium
1564 4003 1744 4067 multitudo
1767 4025 1808 4067 ex
1827 4014 1895 4087 tota

164 4325 248 4379 ERN.
283 4327 309 4380 2.
327 4345 371 4377 nec
388 4327 445 4378 obd.
481 4327 505 4379 8.
525 4327 641 4377 omuibus
660 4326 742 4377 modas
757 4330 840 4378 animi
874 4325 919 4378 10.
941 4328 997 4376 uita
1022 4337 1046 4376 et
1067 4325 1147 4394 plena
1182 4323 1224 4375 12.
1241 4322 1373 4403 subeunda
1409 4321 1453 4374 tt.
1471 4321 1574 4372 aedium
1597 4331 1675 4390 parte
1705 4322 1792 4390 (parte
1821 4323 1896 4372 cedi·

95 4429 139 4463 em
162 4410 236 4479 ab.)
278 4409 322 4466 15.
345 4412 470 4464 redoleret
509 4412 552 4467 20.
577 4411 822 4463 contrucidaverunt
867 4409 910 4465 27.
932 4410 1047 4464 llomcul
1069 4428 1121 4464 om.
1167 4411 1209 4462 31.
1230 4409 1275 4462 sed
1302 4428 1359 4461 eam
1380 4412 1459 4460 etiam
1481 4411 1544 4461 nius.
1586 4404 1661 4463 tbtd.
1686 4405 1727 4461 lsls
1747 4406 1796 4472 (lis
1819 4409 1892 4461 coni.

93 4496 214 4568 scripsi.)
248 4496 292 4552 31.
311 4495 341 4548 hi
354 4494 390 4561 (li
404 4496 539 4585 Madvig.)
1622 4530 1624 4535 ·

162 4684 290 4741 LEct'r.
325 4685 405 4740 abed.
434 4687 459 4742 2.
476 4706 521 4740 nec
537 4688 596 4742 ott.
615 4686 694 4741 abed.
729 4686 754 4740 6.
771 4687 818 4738 sed
832 4704 875 4738 ecs
892 4697 976 4740 tmen
992 4686 1053 4742 abc.
1070 4704 1125 4740 non
1144 4685 1172 4741 (1.
1207 4687 1232 4740 8.
1249 4703 1273 4738 o.
1291 4685 1373 4736 modis
1391 4700 1417 4734 a.
1434 4679 1516 4735 abed.
1552 4682 1595 4735 10.
1613 4687 1669 4733 vite
1695 4692 1720 4732 et
1741 4681 1821 4749 pleno
1845 4679 1897 4733 bc.-

95 4792 150 4831 non
177 4771 206 4827 (1.
231 4779 288 4825 utta
304 4785 330 4825 et
355 4775 473 4844 consens
489 4786 515 4825 et
531 4776 611 4845 plene
629 4792 654 4829 s.
688 4775 732 4828 12.
743 4772 875 4826 subeunda
887 4771 967 4829 ebed.
1000 4776 1043 4827 sn.
1061 4770 1338 4842 aediumperteabcd.
1374 4770 1416 4823 15.
1433 4768 1588 4821 redoleretb
1605 4767 1672 4821 sola.
1709 4762 1890 4817 itidemne-

95 4864 158 4914 tans
175 4859 194 4912 d
212 4859 280 4913 sola.
315 4859 357 4912 td.
370 4863 447 4932 nugis
463 4877 517 4911 esse
533 4878 604 4929 exsp.
621 4861 680 4917 abc.
697 4880 752 4913 non
772 4859 799 4913 (1.
834 4859 878 4914 17.
896 4860 1020 4912 imbecilli
1034 4878 1050 4911 a
1067 4860 1135 4913 sola.
1171 4860 1211 4912 18.
1231 4863 1288 4928 ipso
1306 4858 1350 4908 uel
1363 4858 1439 4925 ferri
1455 4856 1505 4908 abc
1523 4870 1577 4905 non
1596 4848 1624 4903 (1.
1660 4847 1734 4902 ibid.
1751 4850 1891 4904 vulnerare

94 4948 190 5003 bsols.
215 4948 258 5002 20.
271 4948 468 5000 trucidaverunt
479 4947 538 5001 abc.
550 4948 792 5001 contrucidaverunt
805 4946 833 5003 (1.
868 4946 910 5000 23.
927 4944 1327 5019 afflictnmrcrnp.(onsissisrr.
1340 4932 1641 5002 cteorrstrictam)abo‹l.
1677 4933 1891 5011 ibidmnguinc

95 5031 300 5086 sancirlbsola.
337 5030 379 5084 28.
394 5051 470 5102 prou.
494 5037 646 5085 nominatim
668 5037 847 5089 consularibus
870 5036 929 5090 nbc.
947 5053 1003 5088 non
1028 5030 1056 5086 (1.
1091 5032 1137 5086 27.
1161 5032 1273 5082 dorlani
1296 5046 1349 5081 om.
1375 5023 1454 5078 sbcd·
1488 5023 1530 5076 31·
1554 5021 1600 5075 Μ
1622 5038 1678 5073 ⁰⁶¹⁸
1704 5023 1781 5072 ”imit
1804 5038 1827 5073 δι
1846 5022 1893 5074 sed

93 5123 173 5172 etiam
187 5121 296 5172 nimium
312 5115 341 5170 b.
357 5118 403 5170 scd
416 5122 495 5169 ctsbns
511 5121 587 5169 nirnls
604 5135 627 5171 c.
663 5117 703 5170 Ut
719 5137 783 5183 nos,
802 5121 829 5176 d.
863 5119 936 5179 lbid.
971 5119 1014 5172 tra
1029 5118 1109 5173 abed.
1142 5118 1183 5171 33.
1202 5116 1232 5168 lsi
1250 5113 1328 5169 ebed.

165 5286 295 5345 tuctu.
311 5291 407 5349 nnat.
442 5293 576 5354 dullart:
592 5292 696 5350 excidit
709 5295 838 5366 mnibus.
858 5293 912 5350 οι.
927 5297 999 5349 crasi
1011 5296 1040 5350 ri
1054 5295 1137 5348 animi
1154 5287 1273 5361 Madvig.
1309 5288 1354 5346 33.
1368 5286 1514 5358 referrent:
1533 5302 1584 5340 non
1601 5285 1677 5339 mode
1687 5273 1887 5346 BMuan.)
