4740 6068
1868 379 1916 451 35

108 573 339 637 consularibus
359 590 401 635 ex
421 574 553 633 senatus
574 568 728 630 consulto
757 573 876 630 cuncta
901 587 943 629 ex
969 565 1066 631 ltalia
1092 584 1224 646 ornnes,
1254 564 1315 646 qui
1340 587 1411 629 rem
1437 565 1608 649 publicam
1627 567 1755 630 salvam
1774 568 1915 649 vellent,

108 688 382 743 convocarentur.
422 677 520 759 Quod
550 695 724 754 nunquam
753 684 887 736 senatus
917 672 953 735 iu
983 674 1157 737 universae
1186 671 1236 735 rei
1266 671 1421 755 publicae
1449 673 1601 756 periculo
1633 676 1794 756 decrevit,
1823 676 1860 738 id
1878 676 1914 738 in

106 787 207 847 unius
237 807 311 847 mea
338 786 444 847 salute
475 782 703 845 conservanda
735 781 983 843 decernendum
1008 780 1147 863 putavit.
1189 781 1296 862 Quem
1328 778 1419 843 curia
1447 780 1553 865 magis
1585 782 1783 861 requisivit?
1813 803 1914 863 quem

105 890 219 954 forum
239 891 345 953 luxit?
376 910 474 970 quem
495 909 601 968 aeque
621 886 694 969 ipsa
715 886 892 950 tribunalia
912 888 1208 951 desideraverunt?
1242 884 1364 947 Omnia
1386 885 1531 949 discessu
1564 907 1640 951 meo
1675 891 1806 951 deserta
1835 892 1916 951 hor·

109 1000 198 1081 rida,
226 1009 319 1060 muta
344 1000 442 1079 plena
471 998 581 1057 luctus
610 1004 643 1055 et
673 994 834 1056 maeroris
854 994 998 1058 fuerunt.
1038 993 1120 1078 Quis
1145 1004 1194 1056 est
1218 992 1334 1055 ltaliae
1353 995 1466 1075 locus,
1495 994 1532 1057 in
1559 1014 1627 1075 quo
1655 1014 1726 1057 non
1745 995 1850 1057 fixum
1870 995 1953 1061 sito

108 1103 142 1164 in
164 1101 307 1185 publicis
328 1099 552 1163 monumentis
573 1098 721 1161 studium
741 1101 856 1163 salutis
878 1123 992 1182 meae,
1012 1100 1240 1163 tessimonium
1262 1101 1457 1185 dignitatis?

189 1208 274 1270 LXI.
315 1228 383 1282 129·
408 1210 492 1269 Nam
514 1205 597 1285 quid
616 1227 680 1291 ego
700 1207 758 1269 illa
777 1209 820 1270 de
842 1229 896 1269 me
916 1207 1029 1269 divina
1050 1219 1182 1271 senatus
1205 1210 1356 1271 consulta
1378 1211 1663 1271 commemorem?
1693 1211 1748 1271 vel
1768 1209 1914 1288 quodin

108 1318 233 1398 templo
252 1314 342 1378 lovis
364 1313 503 1397 Optumi
523 1313 673 1376 Maxumi
692 1312 814 1376 lactum
838 1326 903 1397 est,
924 1336 1002 1377 cum
1022 1314 1073 1376 vir
1092 1316 1139 1390 is,
1161 1315 1221 1395 qui
1239 1315 1416 1397 tripertitas
1438 1313 1529 1378 orbis
1549 1325 1710 1379 terrarum
1725 1334 1800 1376 oras
1815 1326 1915 1396 atque

109 1422 260 1507 regiones
281 1421 385 1484 tribus
408 1420 585 1501 triumphis
606 1420 776 1483 adiunctas
796 1421 875 1484 huic
894 1421 1038 1502 imperio
1059 1422 1209 1500 notavit,
1236 1425 1278 1485 de
1305 1422 1429 1504 scripto
1459 1420 1621 1485 sententia
1644 1420 1731 1483 dicta
1750 1419 1836 1482 mibi
1854 1418 1914 1482 uni

108 1527 334 1590 testimonium
354 1527 481 1610 patriae
501 1539 714 1589 conservatae
735 1526 844 1604 dedit3
875 1526 997 1607 quoius
1017 1529 1213 1591 sententiam
1234 1528 1280 1592 ita
1303 1529 1603 1609 frequentissnmus
1623 1537 1757 1589 senatus
1778 1534 1910 1588 secutus
1932 1530 1973 1595 10

108 1645 176 1715 est,
203 1644 240 1695 ut
260 1655 348 1695 unns
370 1633 558 1696 dissentiret
578 1633 683 1696 bostis
710 1634 813 1714 idque
832 1633 944 1716 ipsum
964 1634 1086 1698 tabulis
1105 1635 1250 1718 publicis
1271 1638 1485 1698 mandaretur
1505 1637 1548 1697 ad
1570 1632 1766 1696 memoriam
1787 1628 1915 1713 posteri

105 1740 267 1822 temporis
295 1740 552 1823 sempiternam:
583 1743 638 1802 vel
667 1742 761 1820 quod
786 1750 836 1803 est
863 1740 1026 1822 postridie
1054 1744 1222 1805 decretum
1251 1741 1287 1803 in
1316 1743 1407 1805 curia
1434 1741 1555 1824 populi
1582 1740 1687 1822 ipsius
1716 1737 1862 1799 Romani
1883 1746 1916 1798 et

105 1867 244 1928 eorum,
272 1847 392 1927 quiex
411 1847 601 1929 municipiis
623 1856 864 1927 convenerant,
885 1847 1077 1930 admonitu,
1098 1870 1140 1911 ne
1161 1848 1235 1929 qnis
1257 1851 1299 1911 de
1319 1851 1410 1913 caelo
1432 1857 1597 1922 servaret3
1623 1867 1667 1907 ne
1688 1844 1763 1924 quis
1783 1864 1915 1907 moram

104 1956 211 2016 ullam
233 1949 381 2031 afl'crret3
414 1952 546 2032 siquis
571 1952 667 2015 aliter
695 1951 843 2032 lecisset,
868 1974 946 2017 eum
965 1957 1065 2037 plane
1092 1977 1281 2019 eversorem
1302 1957 1351 2019 rei
1372 1955 1527 2038 publicae
1547 1953 1621 2015 fore
1639 1952 1744 2033 idque
1762 1962 1915 2014 senatum

104 2060 312 2145 gravissume
332 2063 495 2134 laturum
518 2069 549 2118 et
570 2071 607 2117 ut
626 2058 735 2120 statim
760 2062 802 2121 de
823 2060 893 2123 eius
914 2062 1001 2125 sacto
1022 2063 1200 2127 referretur
1213 2064 1275 2125 —l
1300 2063 1375 2145 Qua
1394 2061 1555 2145 gravitate
1574 2079 1635 2123 sua
1658 2079 1735 2122 cum
1755 2058 1913 2137 frequens
1935 2052 1975 2116 15

109 2176 238 2227 senatus
269 2165 510 2224 nonnullorum
545 2165 652 2224 scelus
687 2165 927 2243 audaciamque
960 2173 1136 2249 tardasset,
1175 2181 1286 2232 tamen
1317 2169 1402 2231 illud
1432 2168 1578 2248 addidit,
1611 2165 1640 2229 si
1671 2166 1790 2229 diebus
1822 2164 1919 2246 quin·

110 2293 191 2351 que,
222 2271 345 2350 quibus
377 2268 432 2353 agi
466 2270 508 2329 de
537 2287 592 2328 me
621 2267 801 2347 potuisset,
832 2289 901 2329 non
935 2284 1021 2341 esset
1050 2284 1180 2344 aetum,
1215 2275 1358 2337 redirem
1390 2276 1425 2334 iu
1457 2274 1599 2353 patriam
1631 2272 1792 2357 dignitate
1826 2270 1920 2333 omni

107 2399 183 2441 recu
210 2390 311 2440 erata.

185 2400 292 2547 ixlt.
334 2481 488 2545 Decrevit
507 2481 626 2542 codem
648 2489 799 2560 tempore
819 2487 966 2559 senatus,
987 2487 1025 2539 ut
1043 2476 1101 2558 iis,
1120 2476 1181 2556 qui
1200 2497 1242 2538 er
1263 2488 1332 2540 tota
1354 2478 1451 2541 Italia
1474 2484 1590 2546 salutis
1604 2505 1698 2547 meae
1718 2505 1818 2547 cansa
1838 2504 1919 2546 con-

107 2604 282 2670 venerant,
303 2600 479 2675 agerentur
492 2587 616 2672 gratiae
629 2597 728 2666 atquc
743 2596 778 2646 ut
790 2585 909 2665 iidem,
928 2587 972 2647 ad
985 2604 1038 2647 res
1051 2586 1227 2646 redeuntes
1243 2593 1279 2644 ut
1299 2584 1462 2664 venirent,
1483 2600 1690 2669 rogarentur.
1735 2596 1801 2652 130.
1824 2590 1916 2651 Haec
1934 2586 1977 2653 20

108 2711 177 2761 erat
195 2698 381 2761 studiorum
402 2696 437 2756 in
459 2715 532 2757 rnea
551 2697 657 2756 salute
684 2692 870 2773 contentio,
899 2703 936 2754 ut
961 2692 999 2773 ii,
1026 2692 1086 2772 qui
1114 2712 1133 2754 a
1159 2702 1274 2752 senatu
1302 2692 1344 2753 de
1365 2712 1419 2752 me
1440 2693 1661 2775 rogabantur,
1691 2694 1800 2757 eidem
1823 2716 1918 2759 sena·

109 2805 158 2868 tui
183 2825 246 2887 pro
274 2825 328 2866 rue
353 2802 589 2886 supplicarent.
630 2804 736 2881 Atque
764 2799 810 2862 ita
836 2799 871 2860 in
896 2798 949 2861 his
980 2801 1079 2860 rebus
1107 2818 1194 2860 unus
1224 2809 1272 2861 est
1297 2801 1390 2861 solus
1416 2798 1586 2878 inventus,
1618 2796 1676 2877 qui
1702 2801 1745 2862 ab
1766 2802 1828 2861 hac
1848 2813 1916 2864 tam

108 2912 258 2994 impensa
279 2912 451 2972 voluntate
470 2909 639 2969 bonorum
660 2909 771 2988 palam
793 2904 984 2987 dissideret,
1014 2916 1050 2966 ut
1070 2905 1170 2968 etiam
1191 2906 1231 2989 Q.
1253 2908 1408 2969 Metellus
1429 2906 1567 2984 consul,
1592 2904 1650 2983 qui
1670 2902 1753 2965 mihi
1774 2906 1829 2965 vel
1850 2925 1920 2965 ma·

110 3038 211 3079 xume
232 3036 273 3078 ex
294 3013 423 3098 magnis
452 3010 721 3075 contentionibus
746 3011 795 3074 rei
822 3010 977 3093 publicae
1004 3012 1122 3074 fuisset
1149 3012 1325 3093 inimicus,
1352 3014 1394 3074 de
1416 3032 1492 3075 mea
1512 3014 1618 3074 salute
1639 3010 1811 3074 rettulerit.
1851 3010 1919 3095 Qui

108 3122 266 3186 excitatus
287 3143 362 3185 curn
384 3140 514 3183 summa
534 3119 728 3182 auctoritate
751 3122 790 3183 P.
810 3117 941 3196 Servili,
978 3128 1045 3180 tum
1077 3116 1275 3182 incredibili
1303 3120 1448 3199 quadam
1475 3118 1636 3203 gravitate
1658 3118 1810 3199 dicendi,
1838 3141 1914 3181 cum
1935 3124 1977 3189 25

108 3230 166 3291 ille
188 3227 297 3291 omnis
320 3247 427 3308 prope
447 3227 489 3287 ab
510 3223 626 3287 inferis
647 3236 816 3288 evocasset
837 3227 990 3287 Metellos
1012 3237 1044 3287 ct
1064 3228 1107 3288 ad
1127 3224 1216 3286 illins
1237 3225 1389 3309 generis,
1407 3227 1501 3304 quod
1513 3226 1578 3291 sibi
1593 3246 1668 3288 eum
1685 3246 1724 3289 eo
1738 3244 1919 3289 commune

111 3328 215 3410 esset,
245 3333 439 3418 dignitatem
471 3330 656 3412 propinqui
687 3330 740 3392 sui
771 3340 916 3391 mentem
937 3351 957 3392 a
977 3332 1146 3394 Clodianis
1173 3331 1355 3395 latrociniis
1383 3333 1582 3410 reflexisset;
1612 3353 1756 3412 cumque
1775 3352 1853 3395 eum
1874 3335 1919 3395 ad

111 3442 285 3506 domestici
307 3439 451 3521 exempli
472 3436 668 3500 memoriam
696 3447 727 3499 et
755 3438 799 3498 ad
827 3437 994 3500 Numidici
1022 3438 1111 3501 illius
1134 3439 1261 3501 Metelli
1290 3460 1403 3503 casum
1423 3442 1478 3503 vel
1499 3441 1685 3525 gloriosum
1707 3442 1761 3503 vel
1780 3462 1918 3525 gravem

111 3550 344 3623 convertisset,
367 3546 615 3610 collacrumavit
638 3544 688 3606 vir
708 3543 862 3629 egregius
883 3567 922 3608 ac
941 3566 1019 3607 vere
1040 3547 1194 3608 Metellus
1217 3558 1390 3626 totumque
1410 3570 1445 3611 se
1469 3553 1504 3610 P.
1525 3549 1666 3611 Servilio
1681 3548 1802 3611 dicenti
1817 3549 1917 3611 etiarn

112 3673 182 3721 tum
204 3656 338 3720 tradidit
363 3676 424 3716 nec
453 3653 547 3715 illam
580 3651 726 3714 divinam
747 3653 940 3736 gravitatem
962 3656 1097 3735 plenam
1119 3651 1322 3730 antiquitatis
1343 3654 1468 3719 diutius
1488 3659 1591 3719 homo
1613 3656 1764 3719 eiusdem
1784 3656 1917 3741 sangui·
1935 3659 1978 3726 30

112 3765 163 3827 nis
184 3764 293 3845 potuit
312 3762 474 3824 sustinere
497 3770 529 3821 et
550 3780 680 3821 mecum
702 3761 822 3821 absens
843 3758 1007 3822 beneficio
1029 3780 1091 3821 suo
1112 3759 1210 3821 rediit
1231 3760 1266 3821 in
1286 3761 1439 3845 gratiam.
1483 3770 1551 3826 131.
1573 3763 1676 3846 Quod
1697 3774 1805 3841 certe,
1825 3762 1855 3823 si
1870 3772 1920 3825 est

110 3871 215 3952 aliqui
237 3889 354 3932 sensus
375 3869 410 3929 in
433 3877 539 3928 morte
560 3867 807 3946 praeclarorum
828 3865 997 3939 virorum,
1020 3888 1095 3927 cum
1118 3867 1274 3930 ominbus
1296 3870 1459 3951 Metellis,
1487 3882 1558 3933 tum
1579 3888 1660 3931 vero
1680 3866 1833 3930 univiro
1854 3868 1920 3933 ior·

110 3980 251 4043 tissumo
272 3987 304 4039 et
324 3972 617 4058 praestantissumo
639 3971 703 4033 civi
723 3971 958 4056 gratissumum
982 3972 1072 4035 fratri
1091 3996 1153 4036 suo
1175 3975 1270 4056 lecit,
1300 3976 1393 4039 socio
1414 3978 1568 4039 laborum
1591 3976 1818 4059 periculorum
1839 3996 1919 4037 eon·

109 4085 260 4148 siliarum
282 4101 447 4144 meorum.

192 4192 314 4252 LXlll.
356 4187 495 4249 Reditus
517 4205 597 4248 vero
619 4205 713 4249 mens
735 4184 793 4264 qui
815 4184 929 4268 fuerit,
950 4185 1024 4266 quis
1048 4187 1201 4272 ignorat?
1223 4190 1507 4267 quemadmodum
1528 4187 1607 4251 mihi
1621 4186 1811 4250 advenienti
1832 4198 1915 4253 tam·
1933 4200 1974 4265 35

112 4320 212 4379 qnam
240 4298 339 4358 totius
367 4294 484 4358 Italiae
514 4306 614 4375 atque
641 4292 746 4375 ipsius
776 4292 902 4375 patriae
928 4294 1096 4356 dexteram
1126 4294 1335 4377 porrexerint
1365 4294 1574 4377 Brundisiui3
1604 4318 1681 4361 cum
1707 4294 1790 4381 ipsis
1812 4297 1917 4361 Nonis

182 4552 263 4606 ERN.
305 4554 331 4605 8.
355 4558 501 4621 tripertitas
542 4552 584 4607 20.
613 4553 689 4604 iidem
717 4548 809 4616 (eidem
841 4548 896 4605 BC.
927 4552 983 4611 be.)
1029 4550 1072 4605 25.
1101 4570 1201 4603 summa
1230 4572 1288 4603 cunr
1319 4557 1478 4605 atteteritur·
1505 4553 1539 4609 P.
1567 4552 1689 4617 Servilii,
1720 4571 1775 4609 tum
1802 4558 1918 4630 quadam

112 4642 153 4695 30.
173 4642 259 4693 Abest
274 4658 331 4694 suo.

181 4796 307 4850 Ltlc't'r.
342 4795 422 4849 abed.
458 4797 483 4849 8.
504 4800 650 4866 tripartitus
668 4797 694 4850 vl.
732 4797 773 4850 16.
792 4810 847 4850 tum
865 4799 936 4848 illud
951 4796 969 4849 tl
986 4799 1056 4853 sola.
1093 4796 1672 4871 1010.ηι“ειί1.9.φιλοηιεροιιάκα,
1700 4811 1764 4849 esset
1782 4811 1870 4851 aetum
1889 4800 1917 4859 lr.

111 4887 225 4944 addidit,
244 4902 296 4935 non
314 4885 401 4933 diebus
419 4903 446 4955 q.
464 4904 491 4956 q.
508 4903 533 4937 a.
551 4884 582 4931 de
600 4902 638 4933 me
652 4889 794 4952 potuisset,
819 4903 871 4935 non
888 4897 952 4935 erret
969 4897 1057 4935 ectum
1073 4903 1097 4937 c.
1115 4890 1168 4935 nisi
1184 4887 1208 4934 d.
1225 4905 1251 4957 q.
1269 4904 1295 4957 q.
1313 4906 1340 4938 u.
1358 4889 1389 4938 de
1406 4908 1446 4938 ure
1460 4899 1606 4957 potuisset,
1630 4904 1683 4935 non
1700 4896 1764 4937 esset
1781 4897 1869 4937 actum
1887 4886 1916 4943 d.

112 4972 154 5023 18.
173 4985 202 5022 at
221 4968 307 5023 lrrstl.
344 4972 386 5022 19.
406 4983 434 5020 ut
453 4972 520 5021 idem
537 4969 664 5021 υμνοι
682 4970 723 5021 bc.
761 4971 835 5025 lbid.
855 4984 978 5044 regerent
996 4971 1023 5023 b.
1038 4989 1092 5023 uon
1108 4972 1152 5026 cd.
1188 4974 1229 5023 ⁴20.
1250 4988 1278 5025 ut
1297 4975 1326 5025 iri
1344 4974 1498 5026 bonoad.
1536 4972 1606 5025 lbid.
1627 4974 1702 5023 iidem
1723 4972 1749 5026 d.
1786 4973 1828 5025 2't.
1847 4994 1918 5025 rum.

112 5076 154 5107 nra
171 5076 229 5108 eune
246 5077 269 5109 a.
296 5057 330 5109 P.
347 5056 452 5107 Servilii
475 5058 589 5131 quadum
614 5053 661 5107 bd.
686 5069 742 5108 tum
763 5060 878 5129 quadum
902 5077 925 5109 c.
961 5056 1005 5111 27.
1023 5058 1170 5129 deflexisset
1194 5059 1220 5111 b.
1246 5060 1375 5131 rejixirset
1400 5078 1422 5110 c.
1450 5059 1489 5112 Ut
1514 5078 1579 5121 uos,
1605 5059 1633 5115 d.
1669 5062 1711 5115 28.
1729 5072 1754 5111 et
1778 5063 1815 5111 ad
1837 5080 1917 5115 unum

112 5150 180 5198 dicto
192 5150 268 5197 citius
281 5148 387 5199 Metelli
398 5145 461 5199 bed.
497 5148 538 5200 29.
556 5142 914 5199 collacrimavitutvirbevl.
952 5142 995 5197 31.
1013 5144 1100 5198 Abest
1110 5163 1157 5195 auo
1171 5145 1233 5196 bed.
1270 5148 1314 5201 32.
1330 5147 1450 5198 alicuib.
1469 5148 1566 5221 aliquis
1585 5168 1608 5201 c.
1627 5146 1769 5223 uliquidd.
1806 5146 1847 5201 36.
1859 5165 1915 5219 μ·

113 5238 179 5284 trr'ae
200 5238 394 5303 propugnatori
415 5234 547 5285 dexterum
571 5250 586 5283 e
609 5233 677 5284 sola.

182 5386 308 5441 LEc‘t'r.
328 5389 420 5443 ΜΕΜ.
456 5390 480 5442 0.
499 5390 650 5442 nobr‘lr'tevr't
669 5390 808 5445 Dobraeur
827 5391 915 5447 Λὼτ.
933 5394 958 5447 2
977 5410 1005 5464 p.
1023 5392 1083 5447 ³76.
1102 5390 1132 5446 ivl
1150 5391 1227 5466 quod
1245 5390 1385 5447 Ciceronis
1402 5392 1551 5447 sententiae
1570 5408 1680 5463 prorant
1699 5404 1839 5465 repugnat.
