4740 6068
1997 402 2040 474 11

250 581 420 646 confiteor.
460 585 511 657 ³7·
532 578 622 661 Quid
634 576 723 640 enim
735 574 843 638 simile
862 573 925 637 fuit
938 574 1024 659 inQ.
1039 574 1201 637 Metello?
1222 573 1344 653 quoius
1365 594 1495 640 causam
1517 576 1579 643 etsi
1599 595 1714 641 omues
1734 580 1817 642 boni
1837 584 2042 664 probabant,

251 697 362 750 temen
382 702 494 764 neque
512 692 645 747 senatus
665 681 798 766 publice
817 700 926 762 neque
946 682 1036 744 ullus
1056 681 1141 743 ordo
1161 679 1298 763 proprie
1317 680 1514 760 neque'suis
1536 683 1674 746 decretis
1690 683 1787 747 Italia
1806 697 1922 749 cuncta
1936 707 2045 752 susce-

249 797 353 874 perat.
393 772 556 852 Ad'suam
576 787 665 851 enim
685 789 854 868 quandam
874 786 979 871 magis
998 786 1056 849 ille
1076 785 1218 871 gloriam
1238 807 1339 867 quam
1366 789 1410 849 ad
1428 786 1638 871 perspicuam
1663 791 1804 853 salutem
1823 790 1873 855 rei
1893 793 2044 874 publicae

249 907 321 957 tum
344 902 524 975 spectarat,
544 913 619 955 cum
640 912 726 954 unus
748 892 784 954 in
804 894 913 977 legem
933 890 1080 973 pervim
1101 893 1202 955 latam
1222 891 1331 953 iurare
1350 893 1521 956 nolueratz
1548 893 1692 984 denique
1712 894 1888 961 ridebatur
1908 917 1947 958 ea
1967 916 2046 959 con-

250 999 382 1063 dicione
395 1010 461 1061 tam
482 997 572 1063 fortis
593 997 713 1079 fuisse,
732 1007 770 1059 ut
790 1017 865 1060 cum
885 995 1010 1079 patriae
1030 995 1162 1061 caritate
1184 996 1385 1061 constantiae
1404 997 1547 1085 gloriam
1568 1007 1795 1063 commutaret.
1834 1003 1912 1062 Erat
1931 1010 2041 1064 autem
2060 1004 2081 1068 5

250 1122 301 1167 res
322 1103 353 1167 ei
373 1124 445 1166 cum
467 1102 609 1165 exercitu
638 1105 674 1165 C.
692 1101 779 1165 Mari
808 1101 946 1183 invicto,
977 1103 1122 1164 habebat
1147 1101 1319 1166 inimicum
1346 1105 1382 1164 C.
1410 1103 1575 1187 Marium,
1603 1107 1870 1174 conservatorem
1898 1105 2045 1187 patriae,

251 1217 379 1270 sextum
400 1205 467 1267 iam
486 1206 582 1269 illum
602 1209 811 1269 consulatum
831 1216 1019 1290 gerentem
1048 1228 1101 1271 res
1122 1216 1191 1270 erat
1207 1229 1285 1270 eum
1302 1209 1341 1274 L.
1362 1207 1558 1290 Saturnino,
1577 1207 1709 1275 iterum¹
1721 1210 1854 1275 tribuno
1875 1213 1943 1293 pl.‚
1961 1210 2046 1294 vigi·
2090 1214 2098 1226 ‘

249 1314 338 1375 lante
357 1312 493 1375 homine
514 1321 545 1375 et
564 1311 601 1373 in
620 1330 719 1374 causa
738 1311 894 1393 populari
913 1310 943 1374 si
963 1330 1034 1373 non
1053 1314 1240 1394 moderate,
1260 1322 1294 1375 at
1306 1322 1393 1377 certe
1405 1313 1611 1395 populariter
1624 1313 1892 1393 abstinenterque
1903 1323 2044 1377 versato.

250 1415 369 1497 Cessit,
390 1437 433 1478 ne
453 1426 510 1478 aut
528 1415 633 1477 victus
653 1436 673 1478 a
692 1415 834 1480 fortibus
853 1414 932 1478 viris
954 1437 1030 1479 cum
1052 1418 1215 1482 dedecore
1236 1420 1366 1483 caderet
1388 1431 1444 1481 aut
1462 1419 1570 1482 victor
1588 1417 1698 1481 multis
1716 1428 1748 1483 et
1760 1417 1902 1480 fortibus
1916 1417 2044 1480 civibus
2140 1399 2142 1403 ’

249 1522 496 1602 rempublicam
511 1525 653 1585 orbaret.
694 1525 743 1585 38.
757 1523 863 1584 Meam
883 1541 1015 1585 causam
1036 1532 1168 1586 senatus
1188 1523 1319 1603 palam,
1339 1533 1491 1600 equester
1512 1527 1596 1587 ordo
1616 1522 1795 1596 acerrime,
1814 1521 2039 1584 cunctaltalia
2060 1519 2132 1599 1οῘ

248 1626 402 1706 publice,
434 1646 545 1689 omnes
564 1625 645 1688 boni
666 1626 802 1709 proprie
823 1626 987 1706 enixeque
1006 1636 1227 1707 susceperant.
1269 1632 1331 1691 Eas
1352 1648 1404 1691 res
1424 1649 1602 1712 gesseram,
1632 1649 1772 1709 quarum
1793 1647 1863 1689 non
1885 1646 1969 1689 unus
1989 1644 2047 1690 au-

200 1778 203 1786 .
250 1741 339 1814 otor,
369 1740 419 1794 set
437 1733 507 1792 dux
527 1731 677 1794 omnium
697 1730 876 1794 voluntatis
896 1730 1052 1811 fuissem,
1072 1752 1225 1813 quaeque
1250 1755 1320 1797 non
1346 1737 1450 1797 modo
1475 1737 1518 1797 ad
1535 1734 1736 1817 singularem
1758 1754 1866 1796 meam
1886 1732 2045 1817 gloriam,

247 1846 298 1897 set
317 1837 360 1897 ad
380 1855 579 1899 communem
599 1838 738 1899 salutem
760 1835 910 1898 omnium
930 1830 1051 1898 civium
1073 1846 1105 1899 et
1124 1857 1232 1919 prope
1251 1838 1400 1923 gentium
1420 1840 1642 1921 pertinerent,
1662 1859 1701 1901 ea
1719 1837 1917 1911 condicione
1932 1855 2043 1927 gesse·

249 1958 331 2016 ram,
352 1948 389 2001 ut
408 1960 521 2001 meum
541 1939 664 2002 factum
684 1960 817 2023 semper
836 1960 952 2003 omnes
972 1951 1139 2023 praestare
1158 1943 1309 2022 tuerique
1329 1946 1497 2009 deberent.

327 2042 435 2104 XVll.
475 2045 552 2100 Erat
572 2053 682 2099 autem
702 2044 787 2099 mihi
807 2044 975 2102 contentio
995 2065 1065 2106 non
1086 2067 1159 2108 cum
1178 2046 1304 2108 victore
1324 2047 1485 2128 exercitu,
1512 2057 1562 2111 set
1592 2016 1668 2111 cum
1688 2047 1798 2130 operis
1819 2045 1990 2109 conductis
2011 2054 2044 2109 et
2064 2051 2102 2116 15

249 2147 292 2206 ad
306 2143 523 2227 diripiendam
536 2143 658 2208 Urbem
679 2141 860 2205 concitatis.
902 2142 1075 2204 Habebam
1090 2145 1260 2199 inimicum
1276 2169 1345 2209 non
1359 2153 1396 2212 c.
1412 2151 1575 2228 Marium,
1594 2161 1754 2214 terrorem
1769 2151 1933 2230 hostium,
1951 2168 2047 2230 spem
2103 2214 2115 2226 Ἴ

249 2248 497 2326 subsidiumque
518 2245 660 2328 patriae:
690 2253 740 2306 set
760 2245 833 2321 duo,
848 2244 1038 2325 importuna
1057 2241 1229 2326 prodigia,
1249 2261 1335 2321 quos
1355 2259 1501 2326 egestas,
1522 2267 1607 2323 quos
1622 2256 1706 2308 aeri·
1720 2254 1818 2316 alieni
1831 2252 2046 2332 magnitudo,
2079 2208 2217 2324 Met
2251 2228 2361 2335 *if

251 2371 335 2430 quos
349 2350 482 2430 levitas,
502 2369 588 2429 quos
605 2347 798 2431 improbitas
812 2346 945 2409 tribuno
958 2348 1005 2425 pl.
1020 2343 1213 2406 constrictos
1228 2345 1410 2407 addixerat.
1449 2353 1499 2431 39.
1518 2348 1766 2412 Neomihierat
1784 2371 1837 2413 res
1851 2372 1928 2413 cum
1940 2355 2048 2414 Satur·
2079 2331 2152 2424 1,)..1
2158 2322 2235 2411 itia
2328 2312 2365 2364 ’1

249 2457 350 2529 nino,
378 2455 451 2535 qui,
484 2456 577 2534 quod
596 2474 617 2516 a
635 2474 672 2515 se
692 2459 867 2531 quaestore
886 2448 1031 2511 Ostiensi
1048 2468 1110 2528 per
1128 2446 1346 2531 ignominiam
1366 2449 1409 2509 ad
1428 2451 1614 2533 principem
1635 2463 1667 2516 et
1686 2465 1819 2517 senatus
1843 2466 1875 2518 et
1893 2457 2047 2538 civitatis,
2164 2447 2169 2456 ⁵

251 2564 297 2622 Μ.
314 2561 491 2639 Scaurum,
521 2579 592 2621 rem
622 2554 870 2619 frumentariam
897 2555 1088 2616 translatam
1112 2550 1254 2628 sciebat,
1283 2552 1429 2612 dolorem
1455 2571 1545 2613 suum
1566 2576 1687 2638 magna
1708 2561 1920 2624 contentione
1939 2562 2040 2625 animi
2061 2561 2103 2626 20

250 2664 529 2745 persequebatur:
562 2671 611 2723 set
632 2683 706 2723 cum
726 2680 914 2723 scurrarum
933 2655 1147 2738 locupletium
1166 2662 1296 2735 scorto,
1327 2674 1399 2716 cum
1419 2656 1545 2719 sororis
1565 2658 1738 2741 adultero,
1761 2684 1837 2726 cum
1857 2677 2046 2747 stuprorum

205 2797 208 2803 ·
251 2768 439 2845 sacerdote,
460 2787 536 2828 cum
555 2765 723 2845 venefico,
743 2786 819 2827 cum
839 2761 1102 2844 testamentario,
1124 2782 1194 2824 cum
1216 2759 1353 2839 sicario,
1381 2782 1454 2822 curn
1473 2762 1621 2825 latrone:
1647 2784 1733 2844 quos
1753 2766 1923 2848 homines,
1943 2771 1990 2849 si,
2009 2771 2046 2831 id

253 2874 345 2952 quod
364 2871 461 2934 facile
479 2871 566 2932 factu
585 2869 648 2931 fuit
668 2881 700 2932 et
720 2871 815 2950 quod
831 2867 904 2933 fieri
925 2866 1041 2930 debuit
1061 2868 1218 2946 quodque
1231 2886 1251 2928 a
1263 2885 1313 2928 me
1331 2866 1459 2946 optumi
1480 2877 1513 2930 et
1535 2866 1718 2930 fortissumi
1738 2871 1825 2934 cives
1839 2873 2046 2955 flagitabant,

251 2976 286 3036 ri
305 2975 472 3055 armisque
492 2995 718 3058 superassem,
745 2992 815 3036 non
834 2973 990 3052 verebar,
1016 2992 1058 3037 nc
1079 2974 1154 3050 quis
1174 2981 1230 3034 aut
1249 2969 1318 3034 vim
1337 2969 1372 3032 vi
1391 2971 1563 3050 depulsam
1584 2975 1842 3052 reprehenderet
1861 2983 1918 3050 aut
1938 2976 2048 3056 perdi-

253 3091 364 3142 torum
394 3080 515 3142 civium
547 3081 601 3142 rel
629 3080 741 3162 potius
770 3077 1028 3149 domesticorum
1053 3075 1201 3145 hostium
1229 3083 1370 3138 mortem
1393 3085 1564 3139 maereret.
1612 3076 1667 3139 Set
1691 3098 1745 3141 me
1769 3077 1829 3141 illa
1851 3087 2104 3151 moverun1295

254 3185 408 3248 omnibus
429 3185 693 3248 incantionibus
712 3185 771 3247 illa
790 3182 876 3248 furia
896 3183 1058 3245 clamabat
1078 3200 1133 3262 se,
1164 3199 1250 3259 quae
1270 3177 1391 3248 faceret
1409 3187 1525 3241 contra
1544 3182 1682 3243 salutem
1702 3203 1830 3263 meam,
1851 3184 1960 3248 facere
1989 3205 2048 3248 au·
2096 3198 2147 3248 4,
2201 3199 2207 3214 “
2293 3216 2316 3295 p

253 3299 342 3351 ctore
363 3289 612 3378 engo-Qu),
633 3288 823 3359 clarissumo
843 3289 913 3354 viro
934 3285 1083 3375 mihique
1104 3293 1137 3347 et
1156 3305 1245 3347 nunc
1265 3293 1298 3346 et
1317 3285 1430 3362 quoad
1448 3284 1542 3348 licuit
1559 3285 1782 3351 amicissumo.
1823 3289 1869 3350 M.
1890 3292 2045 3374 9¹1³E³E⁸²
2080 3260 2319 3398 mffl'z'

253 3413 400 3472 quocum
418 3392 501 3454 mihi
522 3411 638 3456 omnes
657 3402 751 3457 erant
770 3390 926 3460 amicitiae
943 3388 1216 3478 necessitudines,
1242 3389 1294 3452 vir
1313 3389 1544 3472 fortissumus,
1571 3393 1614 3454 ab
1642 3395 1755 3454 eadem
1774 3393 1832 3455 illa
1850 3406 1942 3475 peste
1962 3392 2047 3457 infe·
2123 3397 2128 3407 '
2172 3344 2258 3422 ὅου
2295 3394 2301 3405 ’
2341 3412 2349 3443 ¹

252 3499 425 3562 stissumus
446 3519 517 3561 esse
531 3498 613 3560 meis
633 3498 775 3561 fortunis
791 3488 1053 3579 praedicabatur.
1093 3497 1127 3556 C.
1141 3495 1272 3578 egesar,
1293 3494 1351 3572 qui
1371 3513 1391 3556 a
1410 3514 1459 3556 me
1477 3497 1570 3557 nullo
1591 3514 1667 3563 meo
1689 3495 1809 3558 merito
1830 3497 1956 3558 alienus
1975 3515 2047 3560 esse

253 3607 407 3686 debebat,
420 3602 675 3670 inimicissumus
690 3622 762 3664 esse
775 3621 868 3671 meae
880 3599 980 3663 saluti
993 3602 1035 3669 ab
1049 3600 1167 3666 eodem
1187 3597 1388 3685 quotidianis
1409 3600 1621 3664 contionibus
1641 3595 1823 3674 dicebatur.
1863 3618 1913 3677 40.
1932 3600 1995 3663 His
2008 3621 2045 3662 se
2064 3617 2106 3682 30

256 3709 359 3771 tribus
379 3707 566 3770 auctoribus
586 3706 623 3769 iu
643 3706 790 3772 consiliis
817 3704 1004 3790 capiendis,
1033 3702 1239 3769 adiutoribus
1266 3701 1302 3763 in
1328 3723 1364 3764 re
1392 3706 1538 3791 gerenda
1565 3726 1635 3771 esse
1662 3723 1798 3767 usurum
1827 3704 1975 3782 dicebat;
2006 3725 2046 3766 ex

254 3812 376 3893 quibus
396 3832 499 3872 unum
513 3815 635 3877 habere
655 3811 832 3881 exercitum
852 3811 888 3883 in
908 3809 1002 3878 ltalia
1021 3828 1229 3870 maxumum:
1247 3810 1330 3887 duo,
1352 3806 1410 3887 qui
1422 3808 1543 3890 privati
1557 3818 1627 3881 tum
1641 3819 1765 3890 essent,
1786 3818 1817 3870 et
1895 3827 2047 3890 praeesse

257 3926 287 3977 et
307 3935 442 3997 parare,
462 3914 490 3977 si
511 3917 651 3999 vellent,
671 3915 849 3986 exercitum
871 3933 970 3996 posse
988 3912 1090 3994 idque
1108 3912 1253 3975 facturos
1272 3933 1344 3975 esse
1365 3913 1503 3975 dicebat.
1543 3915 1612 3977 Nec
1631 3913 1711 3975 mihi
1729 3913 1786 3976 ille
1806 3912 1966 3976 iudicium
1986 3932 2048 3994 po-

257 4021 328 4102 puli
347 4040 409 4083 nec
430 4002 612 4104 legitimam
631 4019 777 4099 aliquam
797 4017 1042 4086 contentionem
1067 4039 1129 4081 nec
1149 4017 1418 4100 disceptationem
1446 4028 1503 4080 aut
1530 4037 1648 4081 causae
1676 4017 1870 4098 dictionem,
1899 4020 1958 4079 sed
1978 4017 2059 4099 rim,
2127 4064 2132 4073 .

254 4123 885 4214 arma,exercitus,imperatorescastra
901 4121 1130 4220 ‘denuntiabat
1379 4126 1382 4132 “
1962 4186 1967 4193 ,
2040 4173 2046 4189 .-
2059 4125 2102 4192 35

325 4387 408 4448 ERN.
444 4389 521 4441 211.
539 4400 676 4441 totasuse.
712 4388 737 4451 3.
755 4402 837 4457 pragu
859 4383 990 4459 quantiam
1018 4385 1044 4442 1.
1067 4389 1131 4457 reip.
1151 4399 1294 4459 sumpserat
1319 4386 1344 4447 6.
1367 4391 1392 4449 ei
1412 4405 1453 4452 res
1486 4388 1528 4457 13.
1545 4390 1656 4441 salutem
1679 4388 1834 4454 iommuuem
1868 4389 1912 4457 18.
1932 4404 1971 4457 res
1989 4399 2046 4438 erat

259 4475 302 4531 21.
321 4475 450 4545 repulsam
474 4473 517 4525 28.
534 4485 607 4525 erant
624 4491 708 4525 omnes
865 4466 867 4473 ’

326 4626 452 4680 LEC'IT.
487 4624 566 4680 abed.
600 4631 623 4679 1.
642 4632 669 4682 in
686 4627 728 4696 M,
747 4626 858 4678 Metella
876 4624 935 4678 aba.
953 4642 1009 4678 uon
1025 4624 1053 4682 d.
1088 4627 1113 4679 2.
1130 4627 1165 4681 It.
1183 4639 1320 4680 totasuse.
1338 4626 1417 4691 abed.
1454 4630 1480 4683 ³.
1497 4631 1860 4703 quandamomabemagts
1877 4627 2044 4700 qumanana.

258 4717 285 4768 1.
302 4719 365 4785 reip.
386 4724 515 4785 spectarat
538 4709 618 4765 abed.
647 4713 747 4784 Recepi
770 4709 904 4781 mdvigir
927 4711 999 4763 coni.
1040 4710 1065 4765 5.
1089 4714 1142 4765 uid.
1166 4713 1215 4764 baa
1243 4715 1388 4766 conditione
1409 4732 1425 4767 e
1447 4716 1527 4774 sola.
1554 4717 1581 4770 6.
1603 4729 1659 4769 erat
1683 4720 1750 4768 enim
1775 4714 1835 4765 lsur'a
1858 4730 1899 4763 res
1922 4726 1979 4758 aum
2002 4725 2043 4760 aa.

257 4811 312 4851 erat
335 4810 421 4849 autem
444 4803 468 4849 ei
489 4817 529 4849 res
552 4815 610 4848 eum
632 4797 659 4865 b.
685 4796 726 4863 Ut
742 4814 805 4859 nos,
831 4785 869 4849 d.
895 4795 919 4848 9.
934 4799 1098 4866 populariter
1119 4811 1225 4869 agente,
1251 4812 1365 4853 attamen
1381 4820 1425 4860 nee
1442 4805 1627 4876 tergiversatus
1644 4805 1731 4861 cessit,
1757 4817 1789 4849 aa
1809 4807 1857 4849 eut
1874 4793 1924 4844 abe
1942 4810 1998 4845 uon
2017 4791 2048 4860 d,

259 4885 303 4938 11.
318 4901 404 4935 onmes
421 4881 482 4932 boni
496 4886 570 4933 enixe
584 4899 651 4933 susc.
669 4897 685 4932 ι
701 4879 767 4948 sole.
803 4882 844 4949 13.
863 4882 900 4940 ad
918 4883 1029 4934 alutem
1045 4879 1200 4942 communem
1217 4884 1276 4938 abc.
1294 4903 1350 4939 nou
1368 4884 1394 4939 d.
1430 4887 1471 4940 18.
1488 4905 1529 4938 res
1551 4896 1607 4938 erat
1631 4885 1689 4941 ebe.
1714 4899 1770 4934 non
1795 4877 1822 4930 d.
1860 4878 1900 4930 19.
1920 4878 1969 4948 qui
1986 4880 2046 4948 qui·

259 4969 314 5018 dem
330 4986 347 5018 a
363 4978 500 5040 quaestore
516 4983 531 5016 a
547 4967 612 5020 sola.
647 4965 689 5033 21.
706 4965 820 5028 dolorem
836 4991 872 5006 ’-
892 4993 929 5007 --
942 4969 1143 5040 persequebatur
1160 4986 1211 5026 om.
1230 4988 1245 5021 a
1262 4971 1330 5025 sola.
1365 4971 1439 5025 lbid.
1463 4973 1619 5041 locupletam
1640 4965 1719 5018 abed.
1753 4963 1796 5020 21.
1814 4963 1943 5034 repulsam
1966 4957 2043 5025 ubed-

259 5052 301 5104 28.
318 5065 391 5103 erant
412 5070 499 5104 amnes
519 5052 581 5108 abe.
604 5069 661 5120 non
686 5051 715 5117 d.
755 5051 798 5108 32.
821 5056 961 5106 maximum
987 5057 1014 5116 iu
1035 5053 1118 5124 ¹Italia
1142 5054 1200 5112 ebe.
1225 5074 1281 5109 uon
1300 5057 1329 5111 d.
1363 5055 1434 5115 lbid.
1452 5060 1502 5128 qui
1513 5057 1616 5127 priuati
1630 5061 1711 5103 esseut
1726 5061 1752 5102 st
1765 5060 1910 5119 praeessent
1926 5058 1951 5098 st
1965 5062 2046 5133 para·

261 5149 319 5189 rent
335 5155 350 5188 a
364 5137 431 5195 sola.

330 5289 455 5351 LEcl'r.
479 5292 573 5346 llum.
607 5291 651 5345 32.
676 5303 702 5360 pt
723 5295 763 5344 rei
784 5291 904 5362 publices
925 5312 1041 5365 praeesse
1069 5293 1188 5348 Orelli-s
1216 5295 1346 5367 probante
1372 5295 1520 5376 blsdrfglo.
