4740 6068
313 389 362 459 22

310 580 344 636 et
364 577 431 634 tam
452 569 668 656 magnificum
687 578 884 654 apparatum
910 589 982 633 non
1008 569 1176 654 privatum
1195 577 1253 635 aut
1275 569 1466 654 plebeium,
1493 579 1544 636 set
1563 568 1735 655 patricium
1762 578 1796 635 et
1814 568 2021 653 praetorium
2040 589 2118 636 essa

310 677 558 740 arbitrarentur.

390 783 558 845 XXXVI.
600 781 692 845 Nihil
717 803 828 863 neque
852 791 929 845 ante
956 785 1023 846 hoc
1042 787 1175 865 tempus
1193 799 1304 860 neque
1327 780 1393 843 hoc
1411 778 1486 862 ipso
1507 778 1805 844 turbulentissumo
1826 778 1881 842 die
1899 777 2119 843 criminamini

310 886 461 951 Sestium.
481 921 522 932 -
548 887 654 968 Atqui
672 887 722 951 sis
742 887 780 949 in
801 888 877 951 soro
897 898 1027 953 versata
1047 896 1107 950 cst.
1125 922 1167 936 -
1190 889 1296 968 Certe.
1336 885 1480 969 Quando
1506 884 1597 946 enim
1621 883 1753 947 maior?
1786 882 2020 967 lapidationes
2041 902 2119 967 per·

273 989 293 1052 5
311 1010 412 1074 saepe
429 991 593 1072 uidimus3
623 1013 694 1056 non
713 994 759 1057 ita
778 1013 899 1073 saepe,
927 1001 977 1053 set
997 990 1139 1053 nimium
1159 999 1270 1054 tamen
1288 1009 1410 1073 saepe,
1435 989 1587 1075 gladiose
1619 989 1754 1052 caedem
1774 1005 1857 1050 sero
1877 996 2017 1069 tantam,
2044 997 2117 1051 tan·

309 1105 362 1158 tos
382 1117 520 1160 acervos
541 1118 725 1182 corporum
745 1107 949 1179 exstructos,
978 1097 1043 1160 nisi
1067 1097 1153 1159 forte
1172 1094 1233 1158 illo
1253 1095 1407 1159 Cinnano
1434 1104 1534 1176 atque
1553 1093 1735 1159 Octaviano
1762 1091 1833 1172 die,
1861 1091 1938 1171 quis
1963 1111 2114 1172 unquam

308 1199 344 1262 in
364 1201 441 1264 foro
462 1202 571 1266 vidit?
604 1224 671 1283 qua
689 1225 731 1267 ex
751 1204 972 1268 concitatione
992 1203 1205 1267 animorum?
1235 1207 1321 1268 Nam
1346 1220 1388 1262 ex
1406 1198 1587 1282 pertinacia
1607 1208 1664 1263 aut
1683 1197 1870 1264 constantia
1888 1197 2115 1263 intercessoris

310 1304 416 1370 oritur
433 1326 534 1391 saepe
552 1309 691 1391 seditio,
713 1311 812 1392 culpa
831 1319 931 1389 atquc
950 1308 1164 1392 improbitate
1182 1307 1316 1384 latoris,
1339 1307 1521 1371 commodo
1541 1305 1656 1386 aliquo
1675 1303 1837 1388 imperitis
1855 1313 1913 1367 aut
1934 1303 2115 1388 largitione

308 1412 500 1495 proposita3
530 1413 636 1477 oritur
662 1435 703 1478 ex
729 1414 972 1479 concertatione
999 1414 1267 1500 magistratuum
1297 1413 1404 1478 oritur
1427 1413 1553 1477 sensim
1573 1431 1616 1474 ex
1633 1411 1780 1476 clamore
1793 1409 1965 1493 primum,
1992 1407 2117 1472 deinde

254 1521 294 1586 10
312 1516 425 1594 aliqua
445 1517 648 1581 discessione
676 1519 861 1604 contionis;
889 1521 962 1598 rix,
989 1541 1065 1584 sero
1086 1531 1119 1584 et
1136 1540 1213 1584 raro
1231 1521 1275 1583 ad
1295 1536 1414 1584 manus
1433 1517 1646 1601 perveniturs
1667 1519 1763 1582 nullo
1782 1535 1866 1580 vero
1884 1517 1988 1579 verbo
2008 1515 2118 1595 facto,

309 1621 402 1682 nulla
422 1620 579 1685 contione
599 1625 779 1706 advocata,
809 1629 902 1689 nulla
929 1629 1003 1711 lege
1029 1627 1165 1690 recitata
1191 1623 1390 1692 concitatam
1416 1632 1615 1686 nocturnam
1640 1621 1840 1686 auditionem
1867 1621 1942 1703 quis
1962 1619 2116 1683 audivit?

310 1727 362 1802 78.
384 1727 435 1787 tin
457 1727 651 1790 verisimile
672 1739 739 1812 est,
767 1741 803 1794 ut
824 1731 1097 1797 civis'llomanus
1117 1742 1175 1796 aut
1193 1734 1298 1795 homo
1319 1730 1404 1794 liber
1423 1727 1602 1809 quisquam
1624 1747 1701 1791 cum
1720 1725 1835 1812 gladio
1854 1725 1890 1788 in
1917 1727 2031 1791 forum
2057 1726 2115 1791 da-

309 1830 474 1893 scenderit
493 1841 569 1895 ante
588 1834 717 1919 lucem,
747 1856 790 1898 ne
811 1839 853 1899 de
873 1860 928 1903 me
946 1837 1028 1901 ferri
1047 1818 1232 1920 pateretur,
1250 1843 1382 1920 praeter
1402 1853 1475 1917 cos,
1505 1831 1566 1913 qui
1590 1833 1632 1897 ab
1652 1831 1714 1894 illo
1739 1830 1899 1914 pestifero
1923 1850 1962 1893 ac
1981 1827 2114 1912 perdito

308 1933 380 1996 cire
400 1935 467 1999 iam
487 1938 619 2019 pridem
638 1941 688 2004 rei
706 1943 862 2024 publicae
888 1944 1051 2031 sangnine
1077 1942 1294 2030 saginantur?
1326 1943 1391 2004 llic
1418 1937 1486 2001 iam
1511 1942 1554 2002 de
1575 1937 1650 2019 ipso
1668 1947 1861 2001 accusatore
1882 1955 2028 2017 quaero,
2056 1936 2117 2014 qui

252 2035 291 2100 15
311 2042 347 2102 P.
374 2043 517 2105 Sestium
542 2046 693 2126 queritur
719 2069 796 2112 cum
823 2049 1036 2113 multitudine
1061 2047 1098 2109 in
1123 2048 1292 2110 tribunatu
1319 2053 1353 2108 ct
1376 2063 1452 2102 cum
1472 2041 1640 2116 praesidio
1660 2059 1784 2119 magno
1805 2040 1922 2116 fuisse,
1951 2057 2033 2098 num
2053 2035 2116 2098 illo

307 2144 363 2209 die
383 2145 509 2212 fuerit?
541 2154 637 2216 Certe
664 2154 832 2217 nonfuit.
871 2155 967 2218 Victa
983 2153 1086 2232 igitur
1105 2159 1155 2202 sse
1174 2159 1272 2200 causa
1297 2137 1347 2201 rei
1370 2137 1544 2220 publicae,
1574 2145 1607 2200 et
1632 2136 1720 2201 uicta
1746 2155 1817 2205 non
1841 2139 2017 2221 auspiciis,
2044 2158 2116 2202 non

306 2242 559 2322 intercessione,
587 2275 656 2312 non
683 2251 871 2327 suffragiis,
894 2255 945 2306 set
968 2245 1004 2304 vi
1030 2262 1132 2305 manu
1152 2242 1255 2306 ferro.
1294 2245 1396 2326 Nam,
1421 2240 1451 2306 si
1471 2241 1701 2307 obnuntiasset
1721 2243 1872 2307 Fabricio
1892 2243 1940 2327 is,
1968 2244 2028 2325 qui
2047 2265 2117 2310 ser·

306 2359 414 2409 sasset
434 2351 476 2410 de
498 2348 612 2421 eaelo,
638 2346 818 2428 accepisset
840 2368 893 2411 res
913 2346 1048 2430 publica
1067 2349 1222 2431 plagam,
1250 2356 1299 2409 set
1320 2367 1411 2430 eam,
1438 2367 1539 2428 quam
1565 2358 1733 2430 acceptam
1760 2370 1895 2435 gemere
1921 2359 2055 2432 posset:
2085 2350 2117 2413 si

306 2451 543 2515 intercessisset
564 2453 694 2537 collega
714 2453 883 2534 Fabricio,
902 2453 1049 2516 laesisset
1069 2473 1140 2515 rem
1161 2451 1351 2534 publicam,
1370 2462 1420 2516 set
1441 2451 1723 2537 [rempublicam]
1744 2454 1817 2519 iure
1829 2455 1992 2525 laesisset.
2034 2455 2115 2520 ola·

249 2555 291 2617 90
311 2557 455 2621 diatores
476 2567 512 2619 tu
533 2558 702 2640 novicios,
730 2577 793 2640 pro
815 2569 1000 2642 exspectata
1020 2557 1186 2620 aedilitate
1210 2555 1421 2647 suppositos,
1451 2577 1528 2620 cum
1553 2556 1680 2623 sicariis
1699 2579 1719 2621 e
1739 2580 1868 2624 carcere
1889 2558 2017 2623 emissis
2037 2568 2115 2623 ante

306 2663 415 2725 lucem
437 2663 620 2726 immittas?
650 2663 861 2747 magistratus
892 2663 1017 2742 templo
1045 2658 1206 2722 deiiciasi
1235 2661 1371 2723 caedem
1392 2678 1581 2724 maxumam
1600 2661 1726 2727 iacias?
1753 2663 1865 2727 iorum
1885 2667 2035 2749 purges?
2061 2672 2112 2744 et,

308 2789 384 2828 eum
405 2769 519 2830 omnia
539 2767 573 2829 vi
593 2776 626 2830 et
646 2770 745 2830 arnus
767 2765 887 2850 egeris,
909 2784 1043 2828 accuses
1064 2785 1157 2848 cunr,
1178 2763 1236 2845 qui
1255 2785 1292 2830 se
1313 2763 1482 2848 praesidio
1502 2764 1676 2847 munierit,
1695 2785 1766 2828 non
1786 2777 1823 2829 ut
1843 2777 1875 2830 te
1888 2779 2114 2853 oppugnaret,

307 2880 358 2934 set
380 2883 416 2936 ut
437 2874 538 2936 vitam
559 2893 653 2936 suam
676 2881 789 2953 posset
810 2868 1013 2933 defendere?

387 2978 555 3041 XXXVII.
598 2998 647 3062 79.
668 2976 769 3057 Atqui
789 2997 833 3040 ne
853 2997 894 3041 ex
914 2974 954 3038 eo
975 2972 1113 3055 quidem
1132 2984 1284 3059 tempore
1310 2976 1345 3039 id
1366 2975 1434 3058 egit
1457 2975 1600 3057 Sestius,
1632 2985 1669 3039 ut
1687 2997 1708 3039 a
1727 2976 1796 3041 suis
1817 2977 1964 3042 munitus
1986 2988 2057 3043 tuto
2076 2979 2113 3042 in

147 3158 153 3173 ,
249 3084 289 3147 25
311 3082 386 3144 foro
417 3081 647 3166 magistratum
674 3091 820 3167 gereret,
845 3100 915 3142 rem
944 3079 1114 3162 publicam
1139 3079 1393 3163 administraret.
1433 3077 1552 3162 ltaque
1580 3081 1684 3143 fretus
1712 3081 1883 3145 sanctitate
1911 3083 2113 3165 tribunatus,

308 3209 384 3250 cum
404 3207 442 3251 se
462 3207 531 3251 non
554 3191 657 3253 modo
679 3199 795 3252 contra
813 3184 882 3247 vim
903 3193 935 3248 et
956 3185 1102 3263 ferrum,
1128 3193 1180 3248 set
1207 3183 1307 3248 etiam
1332 3193 1447 3248 contra
1471 3185 1575 3248 verba
1593 3194 1694 3266 atque
1714 3184 1959 3251 interfationem
1980 3189 2112 3274 legibus

306 3294 438 3357 sacratis
461 3315 532 3356 esse
559 3303 722 3357 armatum
750 3299 899 3375 putaret,
924 3290 1076 3353 venitin
1102 3291 1264 3373 templum
1291 3289 1456 3373 Castoris,
1481 3291 1691 3355 obnuntiavit
1718 3291 1866 3355 consuli:
1897 3314 1974 3357 cum
2000 3294 2113 3358 subito

306 3417 424 3459 manus
447 3398 504 3460 illa
527 3398 686 3459 Clodiana
707 3396 742 3458 in
763 3399 864 3462 caede
884 3397 1007 3461 civium
1026 3416 1126 3480 saepe
1145 3395 1212 3459 iam
1232 3395 1350 3461 victrix
1373 3397 1553 3478 exclamat,
1580 3395 1750 3478 incitatur,
1771 3397 1919 3463 invadit:
1948 3401 2111 3465 inermem

305 3510 404 3578 atque
424 3499 626 3581 imparatum
648 3501 816 3564 tribunum
845 3501 902 3565 alii
927 3501 1046 3587 gladiis
1073 3499 1283 3584 adoriuntur,
1312 3499 1370 3564 alii
1392 3501 1589 3587 fragmentis
1615 3511 1806 3585 saeptorum
1836 3514 1869 3567 et
1894 3504 2059 3569 fustibus:
2089 3525 2112 3581 a

248 3603 290 3668 30
310 3601 433 3681 quibus
453 3604 508 3666 hic
539 3605 654 3668 multis
681 3607 875 3670 volueribus
896 3607 1039 3690 acceptis
1060 3628 1100 3670 ac
1130 3605 1303 3669 debilitato
1323 3624 1466 3688 corpore
1487 3617 1520 3670 ct
1549 3606 1778 3670 contrucidato
1808 3628 1845 3669 se
1863 3607 1983 3671 abiecit
2001 3609 2114 3673 exani·

308 3717 416 3771 matus
437 3729 547 3789 neque
568 3711 635 3772 ulla
655 3710 719 3772 alia
739 3732 776 3772 re
796 3713 838 3773 ab
859 3731 896 3774 se
916 3722 1058 3775 mortem
1084 3710 1151 3774 nisi
1170 3709 1328 3793 opinione
1350 3709 1466 3773 mortis
1494 3710 1633 3792 depulit.
1672 3713 1780 3795 Quem
1800 3732 1877 3775 cum
1896 3712 2057 3777 iacentem
2079 3725 2113 3780 et

306 3813 477 3879 concisum
499 3814 652 3896 plurimis
672 3816 866 3880 volneribus
886 3827 1034 3880 extremo
1056 3815 1175 3898 spiritu
1196 3834 1398 3900 exsanguem
1417 3825 1450 3877 et
1469 3813 1657 3879 coniectum
1679 3815 1851 3898 siderent,
1875 3818 2113 3903 defetigatione

307 3918 413 4006 magis
440 3933 472 3984 et
499 3942 613 3986 errore
640 3943 741 4004 quam
770 3920 997 3988 misericordia
1023 3931 1057 3985 ct
1083 3923 1187 3986 modo
1212 3919 1396 4000 aliquando
1425 3921 1563 3986 caedere
1589 3919 1797 3985 destiterunt.
1836 3929 1887 3989 80.
1914 3927 1954 3988 Et
1978 3943 2111 3989 causam

377 4173 461 4226 ERN.
496 4174 521 4227 3.
539 4179 727 4229 criminationis
745 4194 800 4227 esse
816 4179 843 4225 in
859 4172 971 4231 Sestium
993 4170 1019 4229 7.
1036 4172 1224 4224 romanticos
1233 4165 1419 4234 (concitatione
1430 4166 1465 4222 de
1475 4185 1533 4224 rues
1545 4168 1618 4234 coni.
1629 4168 1764 4241 probante
1776 4169 1940 4242 Madvigio.)
1964 4173 2005 4226 16.
2020 4171 2107 4237 Certa,

308 4269 374 4307 certe
391 4276 442 4307 non
459 4257 549 4322 (Certe
565 4279 617 4312 non
635 4258 716 4312 ΑΒΕ.
735 4257 829 4325 abed.)
864 4261 906 4312 18.
925 4262 947 4310 is
961 4269 1085 4330 praetor,
1110 4260 1160 4329 qui
1181 4272 1209 4306 se
1230 4273 1345 4307 seruasse
1361 4255 1480 4327 dessein
1500 4255 1603 4307 dsterat
1616 4251 1644 4320 (
1663 4291 1671 4318 ,
1687 4259 1736 4326 qui
1750 4267 1873 4309 suosmet
1890 4257 1922 4310 de
1938 4260 2010 4311 socio
2029 4259 2110 4312 blad-

309 4341 418 4412 rigius.)
453 4344 496 4397 19.
515 4344 623 4398 Abeunt
641 4345 715 4397 naci.
732 4342 832 4396 Additi
849 4357 915 4397 aaut
932 4343 966 4397 de
982 4342 1137 4403 Wunderi,
1155 4341 1284 4396 Muellesi
1301 4353 1329 4396 et
1345 4339 1481 4417 Madvigii
1496 4341 1640 4399 munaus.

377 4474 503 4533 LECTT.
538 4480 618 4535 abed.
653 4483 679 4538 3.
704 4483 823 4557 nihilque
846 4502 929 4556 nequa
951 4482 1031 4537 abed.
1065 4480 1139 4535 lbid.
1163 4483 1352 4534 criminationis
1373 4497 1427 4533 esse
1450 4485 1479 4533 in
1499 4479 1622 4543 betam.
1662 4480 1716 4533 His
1732 4485 1812 4534 suana
1829 4483 1862 4535 de
1877 4487 1933 4555 ipso
1948 4480 1987 4548 (§.
2004 4483 2062 4552 78.)
2078 4505 2104 4539 a.

309 4568 497 4629 criminationis
514 4568 541 4617 in
557 4566 585 4619 S.
604 4585 626 4619 c.
652 4567 693 4620 Ut
711 4588 776 4632 nos,
799 4570 845 4623 bd.
881 4570 908 4623 1.
925 4581 1037 4622 versata.
1073 4565 1148 4621 Certe
1164 4568 1182 4621 b
1199 4567 1266 4622 sola.
1301 4568 1376 4623 lbid.
1393 4571 1503 4621 maiores
1523 4568 1695 4638 lapidationes
1712 4565 1741 4622 b.
1767 4573 1906 4629 arciorem,
1934 4571 2108 4641 lapidationes

308 4668 332 4701 e.
360 4650 401 4705 Ut
418 4669 484 4715 nos,
502 4650 531 4706 d.
566 4652 593 4704 6.
609 4653 754 4706 obstruetur
772 4655 790 4707 b
808 4656 875 4710 sola.
909 4652 934 4707 7.
952 4658 1140 4709 concertatione
1157 4652 1221 4706 bod.
1256 4654 1280 4711 8.
1298 4655 1454 4725 largitione,
1479 4656 1566 4705 oritur
1583 4651 1628 4705 be.
1645 4669 1703 4705 aon
1721 4651 1751 4708 d.
1785 4655 1826 4706 11.
1844 4655 1902 4725 iege
1917 4659 2062 4719 commuta,
2079 4675 2107 4712 rs.

307 4733 334 4786 b.
352 4736 478 4806 legatam
496 4742 623 4795 concitata
641 4756 667 4790 n.
686 4756 708 4790 c.
727 4741 784 4811 laga
801 4746 957 4799 concitatam
972 4757 999 4793 n.
1018 4737 1047 4792 d.
1082 4738 1126 4791 13.
1134 4740 1212 4807 serre
1227 4738 1245 4792 b
1262 4738 1331 4793 sola.
1366 4737 1411 4797 tt.
1425 4736 1480 4789 Ito
1495 4739 1575 4788 suam
1590 4736 1633 4790 ab.
1651 4755 1710 4791 non
1727 4735 1771 4792 od.
1805 4737 1850 4792 16.
1865 4740 2000 4809 nonfuit.
2035 4741 2105 4794 ot-

306 4820 418 4874 diatorcs
436 4837 465 4874 tu
482 4844 612 4896 supponas
627 4843 685 4876 cum
701 4829 803 4877 sicariis
820 4843 844 4881 a.
881 4826 925 4879 18.
942 4831 964 4876 ts
984 4825 1059 4877 Tria.
1075 4824 1114 4894 pt
1131 4827 1181 4895 oui
1194 4842 1309 4877 seruasse
1325 4824 1357 4875 de
1372 4823 1444 4875 casio
1460 4822 1565 4873 uzon
1582 4820 1649 4877 bad.
1675 4824 1775 4878 omisso
1785 4840 1820 4875 se.
1836 4823 1945 4897 (sicque
1957 4827 2037 4878 etiam
2052 4825 2103 4888 Α.)

306 4904 349 4963 21.
366 4920 426 4958 aste
444 4910 526 4961 lucem
545 4914 572 4960 in
579 4912 676 4981 soram
691 4914 815 4964 immittas
831 4911 909 4966 abed.
946 4909 1020 4966 lbid.
1036 4914 1124 4963 ettctss
1139 4926 1180 4963 ao.
1197 4926 1254 4963 oon
1271 4907 1320 4962 bd.
1355 4909 1399 4966 22.
1416 4911 1463 4970 ui,
1479 4911 1586 4983 arrasa
1600 4909 1670 4966 aoia.
1706 4910 1749 4963 88.
1764 4908 1908 4981 «iesuralem.
1942 4913 2026 4963 Exeo
2041 4920 2107 4964 tans·
2174 4962 2178 4973 ,

205 4981 211 4990 ’
304 5008 368 5062 pore
384 4992 413 5040 id
427 4999 482 5065 egit
497 4993 595 5048 Sestius
612 5016 637 5055 a.
672 4995 745 5052 lbid.
764 4996 855 5068 Atqui
869 5017 903 5051 es
920 4997 965 5052 bc.
982 5015 1038 5051 noo
1056 4993 1083 5049 d.
1120 4993 1193 5048 lbid.
1210 5007 1240 5048 at
1256 5012 1274 5047 a
1289 4998 1346 5047 sais
1362 4998 1494 5056 munus,
1508 5020 1545 5036 -·
1563 5024 1596 5039 ··-
1611 5007 1727 5071 gereret:
1745 5007 1776 5047 ut
1791 5014 1811 5047 a
1826 4999 2007 5055 submonitus
2017 5013 2098 5068 remp.

307 5076 375 5130 dm·
392 5094 431 5128 ac·
450 5095 506 5134 noo
524 5079 573 5135 bd.
608 5081 651 5144 28.
670 5087 698 5135 in
706 5086 775 5153 soro
793 5098 849 5143 suns
865 5104 934 5160 mog.
952 5082 972 5137 d
988 5083 1055 5140 sola.
1099 5081 1173 5137 lbtd.
1190 5082 1286 5156 itaque
1300 5082 1462 5150 camsi-stus
1477 5097 1499 5135 s.
1516 5085 1667 5137 cumam
1688 5098 1742 5135 nors
1766 5084 1843 5136 masio
1859 5098 1884 5135 a.
1918 5081 1961 5136 16.
1978 5085 2101 5137 interess-
2125 5073 2130 5082 ⁵

307 5166 403 5217 sienem
421 5162 499 5220 obad.

279 5366 285 5379 ,
378 5285 501 5359 LECTF·
519 5293 612 5351 ΜΕΜ.
648 5296 690 5355 2l.
709 5310 738 5356 st
754 5317 772 5353 a
786 5305 841 5353 sais
858 5305 972 5355 nsanitas
989 5312 1047 5354 tato
1064 5303 1092 5353 in
1100 5300 1183 5370 fora,
1201 5299 1263 5355 dum
1280 5301 1465 5371 magistratum
1478 5293 1642 5370 liadrlgias.
1684 5295 1728 5349 88.
1745 5293 1803 5354 Sar.
1820 5297 1953 5352 immanis.
