4740 6068
1998 391 2042 459 13

252 581 321 652 eius
334 583 498 648 ultoribus
513 576 715 643 dimicarem.
756 595 806 656 44.
820 576 892 660 Ego
907 584 1007 654 veto,
1027 573 1081 636 vel
1093 567 1123 636 si
1135 568 1218 635 mihi
1231 571 1441 654 pereundum
1453 569 1587 652 suimet,
1608 591 1646 634 ac
1658 589 1729 634 non
1740 564 1930 656 accipienda
1946 577 2044 660 plaga
2101 586 2116 605 ⁸

249 689 428 772 sanabilis,
446 687 497 751 illi
516 684 704 763 mortifera,
725 681 785 761 qui
804 702 877 744 earn
899 677 1127 761 imposuisset,
1157 679 1260 740 semel
1279 675 1389 757 perire
1411 685 1540 756 tamen,
1564 675 1710 757 iudices,
1731 677 1921 740 maluissem
1944 699 2043 757 quam

250 795 303 856 bis
323 793 465 854 sincere.
506 793 583 851 Erat
603 786 687 849 enim
706 785 764 847 illa
785 787 886 847 altera
907 780 1071 845 eiusmodi
1100 781 1291 862 contentio,
1317 791 1355 844 ut
1374 801 1484 860 neque
1503 781 1582 844 victi
1601 801 1710 860 neque
1731 780 1871 843 victores
1892 803 1957 843 rem
1984 804 2046 863 pu-

250 897 373 960 blicam
385 906 496 957 tenere
504 911 692 977 possemus.
734 889 847 974 Quid?
867 888 897 950 si
915 887 950 949 in
970 886 1078 967 prima
1098 884 1309 948 contentione
1328 885 1363 946 vi
1384 883 1557 946 tribunicia
1577 884 1682 947 victus
1701 886 1738 947 in
1751 887 1827 948 foro
1844 908 1919 948 cum
1934 888 2047 950 multis

251 1001 350 1063 bonis
370 998 449 1061 viris
468 995 710 1059 concidissem?
740 997 896 1057 Senatum
923 991 1095 1070 consules,
1122 990 1241 1069 credo,
1267 998 1460 1070 vocassent,
1489 1010 1589 1068 quem
1613 999 1718 1051 toturn
1740 992 1782 1051 de
1802 991 1930 1052 civitate
1954 993 2083 1054 dele-5

251 1113 343 1182 rant3
374 1106 417 1164 ad
436 1120 527 1164 arma
548 1108 723 1177 vocarent,
751 1096 809 1176 qui
836 1116 879 1157 ne
901 1094 1020 1157 vestitu
1040 1093 1176 1174 quidem
1198 1093 1331 1155 defendi
1351 1114 1421 1155 rern
1442 1094 1611 1174 publicam
1631 1093 1769 1157 sissent:
1801 1117 1821 1156 a
1842 1096 1976 1158 tribuno
1998 1100 2045 1178 pl.

249 1218 328 1291 post
346 1205 513 1269 interitum
534 1225 646 1268 meum
666 1201 892 1282 dissidissent,
910 1201 970 1280 qni
990 1201 1131 1263 eandem
1147 1201 1264 1263 horam
1283 1220 1376 1262 meae
1395 1198 1497 1280 pestis
1518 1207 1550 1260 et
1568 1217 1706 1261 suorum
1727 1199 1952 1281 praemiorum
1974 1220 2045 1263 esse

251 1312 445 1376 voluissent.

330 1418 401 1479 XX.
441 1421 491 1497 45.
512 1418 621 1476 Unum
642 1413 727 1477 enim
738 1411 818 1475 mihi
837 1412 980 1475 restabat
998 1410 1102 1491 illud,
1123 1414 1215 1490 quod
1236 1410 1374 1473 forsitan
1394 1429 1463 1473 non
1483 1429 1584 1473 nemo
1603 1410 1655 1472 vir
1674 1411 1771 1474 fortis
1793 1421 1824 1474 et
1845 1413 1927 1475 acris
1942 1413 2045 1474 animi

250 1519 428 1604 magnique
458 1517 595 1580 dixerit:
626 1517 855 1598 „Restitisses,
885 1534 1124 1600 repugnasses,
1152 1528 1293 1583 mortem
1322 1537 1475 1600 pugnans
1504 1516 1716 1598 appetisses.“
1755 1519 1893 1596 Deque
1916 1515 1967 1597 t'c,
1990 1527 2044 1597 te,
2065 1515 2105 1579 10

247 1625 404 1704 inquam,
435 1626 560 1704 patria,
590 1632 691 1684 testor
721 1631 753 1684 et
781 1640 861 1703 vos,
890 1631 1026 1702 penates
1055 1619 1221 1702 patriique
1245 1621 1312 1701 dii,
1339 1642 1392 1682 me
1420 1631 1603 1684 vestrarum
1629 1621 1758 1682 sedium
1780 1624 2046 1702 templorumque

249 1748 363 1808 causa,
386 1747 440 1788 me
460 1735 596 1808 propter
613 1729 757 1788 salutum
780 1745 932 1788 meorum
953 1723 1090 1804 civium,
1111 1746 1198 1805 quae
1218 1724 1298 1787 mihi
1317 1746 1448 1806 semper
1466 1725 1528 1787 fuit
1548 1746 1622 1788 mea
1643 1726 1750 1787 carior
1762 1725 1843 1804 vita,
1865 1725 2049 1787 dimicatio·

249 1852 321 1894 nem
343 1832 543 1909 caedemque
563 1829 698 1915 fugisse.
738 1831 865 1894 Etenim
887 1829 916 1891 si
935 1829 1021 1891 mihi
1038 1830 1074 1891 in
1094 1830 1207 1910 aiiqna
1228 1849 1311 1892 nave
1332 1851 1408 1892 cuns
1429 1831 1510 1892 mels
1530 1830 1644 1892 amicis
1663 1829 1833 1912 naviganti
1853 1832 1933 1908 hoc,
1960 1826 2047 1888 iudi-

249 1952 318 2012 ces,
337 1931 523 2012 aeeidisset,
543 1941 579 1994 ut
600 1934 696 1995 multi
716 1954 757 1996 ex
777 1933 885 1996 multis
905 1933 988 1996 locis
1008 1936 1194 2017 praedones
1215 1932 1374 1995 classibus
1396 1954 1469 1996 earn
1488 1955 1603 1996 navem
1622 1954 1659 1996 se
1681 1953 1901 2015 oppressuros
1917 1932 2047 1994 minita-

248 2043 381 2113 rentur,
400 2034 464 2094 nisi
483 2055 537 2094 me
556 2056 661 2091 unum
680 2037 745 2093 sibi
765 2038 985 2110 dedidissent,
1013 2038 1043 2098 si
1062 2038 1098 2099 id
1117 2047 1266 2100 vectores
1286 2049 1445 2122 negarent
1466 2060 1504 2100 ac
1526 2060 1654 2107 mecum
1674 2038 1774 2101 simul
1793 2037 1928 2099 interire
1948 2057 2043 2116 quatu
2066 2036 2104 2098 15

249 2160 303 2201 me
323 2140 451 2199 tradere
470 2134 622 2197 hostibus
643 2136 797 2215 mallent,
815 2133 966 2196 iecissem
983 2133 1057 2214 ipse
1076 2153 1132 2195 me
1150 2141 1263 2213 posius
1288 2141 1322 2198 in
1343 2142 1569 2226 profundum,
1594 2155 1631 2207 ut
1652 2156 1777 2208 eeteros
1799 2164 2047 2220 conservarem,

249 2262 351 2323 quarn
370 2239 447 2301 illos
466 2237 533 2300 mei
554 2247 620 2300 tarn
641 2237 781 2318 cupidos
804 2257 874 2298 non
899 2239 1003 2324 modo
1030 2238 1073 2298 ad
1096 2245 1219 2299 certam
1247 2245 1399 2316 mortem,
1434 2247 1482 2299 set
1506 2242 1543 2298 in
1568 2260 1728 2322 magnum
1751 2249 1837 2305 vitae
1871 2248 2048 2306 discrimen

250 2348 456 2409 adducerem.
497 2347 547 2421 46.
568 2344 649 2405 (lum
661 2360 741 2403 vero
753 2339 789 2400 in
801 2344 887 2403 hanc
900 2341 949 2401 rei
961 2340 1114 2431 publicae
1128 2359 1243 2402 navem
1264 2339 1384 2420 ereptis
1405 2342 1535 2404 senatui
1554 2344 1786 2427 gubernaculis
1807 2346 1991 2410 fluitantem
2010 2346 2046 2408 in

252 2452 319 2514 alto
340 2447 588 2530 tempestatibus
608 2445 811 2508 seditionum
830 2465 868 2506 ae
889 2442 1127 2506 discordiarum
1147 2452 1290 2505 armatae
1313 2453 1361 2503 tot
1381 2444 1519 2523 classes,
1548 2448 1613 2508 nisi
1635 2469 1697 2531 ego
1719 2470 1825 2512 essem
1845 2472 1931 2512 unns
1953 2451 2046 2513 dedi·

248 2565 320 2637 tus,
349 2555 540 2616 incursurae
571 2551 780 2629 viderentur,
810 2568 886 2610 curn
917 2545 1138 2628 proscriptio,
1168 2548 1302 2624 caedes,
1336 2546 1476 2628 direptio
1506 2550 1767 2633 denuntiaretur,
1801 2578 1875 2618 cum
1905 2556 1961 2618 alii
1991 2578 2044 2620 me
2065 2560 2106 2623 20

249 2658 440 2740 suspicione
458 2656 599 2737 periculi
618 2655 671 2718 sui
689 2673 760 2716 non
780 2652 1007 2729 defenderent,
1027 2649 1084 2710 alii
1104 2660 1214 2713 vetere
1234 2650 1312 2712 odio
1332 2653 1501 2715 bonorum
1520 2652 1751 2736 incitarentur,
1771 2658 1829 2718 alii
1841 2661 2048 2742 inviderent,

251 2765 308 2828 alii
328 2765 459 2825 obstare
479 2760 543 2822 sibi
562 2781 616 2821 me
635 2759 887 2830 arbitrarentur,
915 2753 973 2817 alii
999 2754 1114 2817 ulcisci
1140 2757 1288 2816 dolorem
1314 2755 1459 2833 aliquem
1486 2776 1583 2817 suum
1612 2761 1751 2838 vellent,
1778 2760 1835 2822 alii
1853 2782 1925 2825 rem
1944 2763 2046 2841 ipsam

250 2868 419 2952 publicam
438 2876 537 2944 atque
556 2867 647 2926 hunc
667 2865 835 2925 bonorum
854 2870 977 2924 statum
997 2859 1169 2939 otiumque
1190 2859 1338 2922 odissent
1359 2868 1390 2921 et
1412 2861 1455 2920 ob
1475 2862 1575 2922 hasce
1597 2883 1710 2925 causas
1728 2873 1776 2925 tot
1791 2874 1924 2942 tamque
1938 2864 2046 2927 varias
2136 2904 2140 2909 -

252 2994 306 3035 sne
326 2991 431 3033 unum
453 2972 682 3051 deposcerent,
708 2968 936 3049 depugnarem
956 2965 1068 3047 potius
1090 2986 1166 3028 curn
1187 2983 1319 3027 summo
1348 2982 1415 3024 non
1447 2963 1554 3025 dicam
1576 2965 1691 3057 exitio,
1723 2976 1772 3027 set
1792 2966 1939 3045 periculo
1962 2979 2049 3028 certe

252 3087 362 3140 vestro
383 3077 632 3153 liberorumque
653 3080 852 3153 vestrorum,
875 3091 976 3150 quam
995 3090 1066 3132 non
1085 3070 1139 3152 id,
1159 3072 1252 3149 quod
1272 3069 1427 3131 omnibus
1446 3069 1678 3151 impendebat,
1699 3089 1784 3131 unus
1805 3091 1867 3151 pro
1890 3074 2046 3137 omnibus
2065 3069 2107 3135 25
2124 3150 2129 3167 Ι

253 3182 455 3262 susciperem
476 3201 514 3241 ae
534 3178 705 3240 subirem?

333 3285 422 3347 XXI.
462 3291 513 3362 tq.
528 3281 640 3362 „Victi
652 3292 759 3343 essent
772 3278 948 3360 improbi.“
967 3313 1009 3327 -
1028 3283 1068 3341 At
1081 3278 1188 3353 eires,
1209 3289 1241 3341 at
1252 3281 1294 3341 ab
1308 3298 1348 3342 eo
1363 3279 1507 3360 privato,
1527 3277 1585 3358 qui
1598 3277 1669 3340 sine
1682 3279 1781 3342 armis
1795 3301 1864 3341 rem
1879 3281 2047 3362 publicam
2122 3309 2168 3369 ἱ(
2216 3338 2219 3343 .

254 3390 353 3453 etiarn
375 3389 493 3452 consul
515 3394 737 3450 conservarat.
779 3382 835 3445 sin
854 3383 933 3447 victi
953 3394 1061 3446 essent
1081 3383 1179 3463 boni,
1207 3384 1288 3462 qnid
1308 3384 1520 3464 superesset?
1551 3403 1620 3445 non
1641 3388 1684 3446 ad
1704 3405 1817 3448 servos
1838 3387 1955 3450 vidctis
1977 3409 2047 3450 rena
2209 3396 2232 3431 ²⁴

322 3613 406 3666 ERN.
442 3615 469 3667 1.
485 3615 544 3684 Ego
561 3630 632 3673 νενο,
649 3617 674 3664 si
689 3611 755 3664 nriisi
766 3614 815 3663 uni
820 3610 979 3680 pereundum
989 3628 1042 3661 non
1049 3613 1165 3679 sus'sset,
1181 3631 1214 3662 ee
1228 3614 1304 3664 inodo
1319 3615 1465 3677 accipienda
1478 3615 1577 3684 plaga,
1596 3612 1662 3665 rnifsi
1671 3617 1810 3676 satiabilis,
1829 3619 1882 3666 illis
1895 3621 2045 3686 mortifera,

255 3703 303 3769 qui
323 3716 381 3750 snrn
405 3703 592 3768 imposuissent.
626 3696 697 3769 (Ego
723 3716 800 3760 uero,
824 3697 868 3747 uel
889 3701 914 3746 si
935 3707 985 3748 cet.
1008 3695 1165 3766 Madvigius
1187 3715 1202 3748 e
1226 3699 1347 3769 vestigiis
1373 3695 1521 3762 codicum.)
1564 3696 1588 3748 6.
1608 3711 1740 3749 uocassent
1774 3702 1814 3752 11.
1832 3701 1919 3750 sedern
1950 3701 1991 3758 16,
2010 3721 2048 3751 ure
2116 3708 2127 3735 '-

255 3787 308 3852 ipse
326 3785 416 3851 potius
452 3782 494 3834 19.
513 3801 579 3834 unus
595 3783 696 3836 deditus
713 3800 791 3833 essem
816 3780 859 3834 20.
876 3783 1088 3863 denuntiarentur
1117 3781 1161 3836 22.
1177 3800 1252 3832 suurn
1269 3785 1382 3854 aliquem
1410 3783 1452 3840 28,
1471 3788 1548 3833 ctiam
1566 3786 1657 3835 consul
1674 3787 1874 3856 rempublicam

324 3899 450 3965 LEci'r.
486 3899 564 3953 abed.
600 3902 626 3952 1.
643 3902 701 3971 Ego
723 3920 798 3961 uero,
824 3904 849 3951 si
871 3902 936 3951 milri
958 3905 1005 3952 uni
1023 3903 1181 3971 pereundum
1195 3904 1312 3972 suisset,
1336 3921 1367 3952 ae
1391 3920 1442 3953 non
1467 3903 1615 3972 accipianda
1632 3904 1718 3974 plaga
1740 3904 1807 3954 milii
1824 3907 1978 3957 insanabilis
1998 3908 2046 3956 ilfa

256 3991 392 4058 mortifera
408 4005 487 4058 quam
504 3993 567 4057 reip.
585 3990 745 4058 imposuisset
761 3986 820 4039 abo.
854 3986 915 4056 Ego
930 4004 1006 4046 uero,
1030 3991 1055 4036 si
1076 3986 1142 4038 milri
1164 3991 1211 4038 uni
1230 3989 1388 4057 pereundam
1396 3989 1512 4056 fuisset,
1540 4005 1571 4035 ae
1589 4006 1640 4037 non
1658 3991 1804 4058 accipienda
1820 3993 1902 4058 prlaga
1922 3991 1987 4040 rrrilri
2004 3997 2043 4041 in-

254 4071 392 4129 sanabilis,
411 4072 455 4121 iili
470 4074 620 4141 mortifera,
647 4089 726 4142 quarn
742 4076 806 4142 reip.
825 4075 999 4143 impsuissens
1014 4068 1079 4138 (sie)
1097 4070 1123 4124 (1.
1159 4072 1183 4123 3.
1202 4074 1251 4124 iila
1267 4074 1353 4124 altem
1368 4076 1493 4125 eiusmodi
1514 4075 1641 4123 eonwntio
1666 4074 1715 4123 iiia
1732 4075 1774 4126 ab.
1802 4077 1941 4124 eratenim
1960 4076 2043 4126 altera

255 4157 381 4210 eiusmodi
394 4161 523 4208 eontentio
541 4157 590 4208 ilie
607 4175 630 4209 c.
666 4156 705 4209 Ut
721 4174 789 4219 nos,
806 4154 832 4207 d.
867 4154 892 4208 5.
910 4157 1052 4207 deiecerant
1070 4174 1111 4208 sc.
1129 4174 1185 4208 non
1203 4155 1248 4214 bd.
1284 4158 1309 4211 6.
1326 4176 1358 4208 ne
1374 4163 1495 4210 vestitum
1511 4160 1615 4230 quidem
1632 4159 1803 4228 defendissent
1820 4165 1884 4229 reip.
1904 4179 1920 4210 a
1940 4163 2043 4213 tribuno

208 4231 212 4240 ⁸
254 4241 293 4312 pi.
308 4251 368 4310 post
383 4244 515 4292 interitum
531 4241 690 4292 da‘ssidsssent
706 4259 729 4292 a.
764 4240 832 4292 Item
851 4257 880 4299 c,
897 4238 960 4291 sed:
974 4253 1035 4310 post
1051 4245 1184 4293 interitum
1200 4262 1283 4296 mm
1300 4245 1469 4295 dissedissent.
1506 4245 1579 4298 lbid.
1596 4250 1714 4298 siuissent
1730 4246 1759 4297 b.
1795 4245 1822 4298 7.
1839 4265 1921 4297 meum
1934 4265 1987 4299 om.
1999 4246 2043 4299 ad.

259 4324 333 4377 lbid.
352 4326 513 4377 dissedissent
534 4325 577 4378 bc.
612 4327 654 4378 11.
672 4329 778 4397 inquam
801 4337 851 4378 tete
872 4345 889 4378 s
912 4325 980 4377 sols.
1014 4324 1087 4379 ibid.
1114 4327 1227 4380 obtestor
1245 4329 1303 4383 abe.
1324 4348 1380 4382 non
1395 4328 1422 4381 d.
1457 4330 1499 4385 15.
1519 4337 1680 4383 minarentur
1698 4333 1715 4383 b
1735 4333 1800 4384 sola.
1836 4332 1876 4384 17.
1896 4351 1936 4384 rne
1957 4339 2046 4405 potins

256 4417 310 4481 ipse
332 4430 355 4463 s.
380 4430 419 4461 me
442 4414 495 4479 ipse
513 4417 601 4479 potius
623 4410 666 4462 bc.
704 4409 742 4462 Ut
761 4428 825 4474 nos,
848 4410 876 4463 d.
911 4410 954 4462 19.
971 4429 1036 4463 unus
1059 4413 1159 4464 deditus
1182 4432 1259 4465 msern
1283 4415 1344 4468 abc.
1361 4434 1416 4468 non
1435 4414 1462 4467 d.
1498 4417 1539 4469 20.
1558 4419 1771 4469 denuntiarentur
1791 4417 1873 4472 abed.
1908 4420 1950 4473 22.
1969 4438 2045 4471 suurn

256 4497 370 4567 aliquem
387 4494 446 4546 abc.
464 4493 561 4545 nond.
595 4494 638 4548 25.
655 4498 818 4566 quodetiam
835 4496 1130 4551 omnibusnenonbd.
1166 4500 1209 4552 28.
1226 4505 1303 4551 etiam
1318 4503 1408 4552 consul
1425 4522 1478 4553 rem
1495 4504 1628 4572 publicam
1641 4501 1747 4557 deols.
1784 4503 1855 4556 lbid.
1869 4512 1916 4575 qui
1930 4524 2043 4575 superes-

257 4591 314 4631 sent
338 4577 364 4632 d.
391 4577 459 4630 sala.
501 4575 612 4642 (Nostra
641 4580 723 4633 lectio
752 4581 891 4650 aptissime
914 4582 1050 4653 significat
1075 4581 1166 4654 „qnid
1192 4596 1315 4649 restaret,
1346 4586 1414 4656 quid
1438 4590 1579 4658 praeterea
1601 4606 1651 4641 nos
1678 4590 1844 4643 maneret?“
1882 4593 1991 4661 Neque,
2017 4602 2047 4639 ut

256 4667 295 4715 ait
317 4661 486 4734 Madvigius,
513 4660 565 4722 „id
590 4666 777 4718 antummodo
807 4679 941 4736 superest,
976 4667 1050 4740 quod
1084 4687 1114 4720 ex
1145 4670 1257 4721 interitu
1281 4684 1465 4724 conservatum
1491 4675 1570 4726 est:“
1594 4675 1760 4727 contrarium
1790 4694 1852 4727 sane
1879 4674 2046 4725 demonstrat

256 4765 317 4800 mam
336 4745 407 4797 illud
424 4745 558 4806 Lucretii.
578 4745 733 4812 Ciceronis,
749 4751 855 4805 Horatii
873 4753 945 4823 quod
959 4766 1073 4823 superest
1090 4771 1141 4822 pro
1158 4767 1281 4816 esserum,
1299 4769 1354 4807 tum
1374 4761 1529 4826 praesertim
1547 4757 1581 4809 ad
1600 4760 1685 4812 Attio.
1703 4762 1733 4818 3,
1752 4761 1768 4810 1
1786 4763 1832 4811 sed
1847 4759 1919 4829 qnod
1931 4771 2046 4827 superest

258 4830 395 4897 timemus.)
430 4829 502 4885 ibid.
518 4834 720 4903 rempublicam
735 4848 870 4888 venturam
886 4839 943 4890 abe.
963 4835 1092 4910 (nond.)
1109 4836 1139 4889 id
1158 4838 1232 4910 quod
1250 4841 1328 4891 unice
1347 4842 1444 4911 probat
1459 4843 1623 4914 Madvigius.
1662 4842 1808 4895 Commode
1819 4861 1882 4895 vero
1895 4842 2045 4896 Muellerus
2123 4874 2127 4885 =
2216 4828 2220 4837 Ι

258 4917 288 4969 in
306 4915 384 4969 Curis
402 4933 454 4967 sec.
473 4932 501 4986 p.
519 4917 563 4970 61.
579 4917 673 4970 ettulit
690 4917 724 4968 de
741 4917 807 4988 Rip,
824 4921 845 4972 1.
871 4922 913 4976 st.
932 4923 1077 4991 difficultas
1093 4927 1198 4975 ineundi
1218 4927 1321 4977 seruiiii
1338 4944 1391 4977 rem
1409 4945 1426 4978 a
1442 4946 1501 4999 rege
1518 4931 1553 4978 nd
1566 4931 1656 4998 piures
1671 4953 1707 4964 -
1719 4954 1755 4963 -
1771 4929 1905 4980 transtulit
1919 4939 1947 4981 et
1958 4929 2045 4982 mani-

258 4999 353 5052 festam
369 5002 457 5052 nostri
473 5000 528 5052 lesl
546 5001 724 5056 imitationem
742 5003 771 5055 in
790 5002 931 5060 declamat.
948 5025 999 5078 pro
1018 5005 1100 5060 domo
1118 5007 1140 5076 ς.
1158 5010 1202 5063 92.
1236 5012 1273 5061 ad
1286 5028 1370 5062 servos
1388 5015 1484 5065 malins
1492 5014 1580 5085 fidius
1598 5029 1639 5063 res
1654 5017 1816 5081 pervenisset.

329 5118 455 5176 LEC‘IT.
478 5122 572 5176 ΜΕΜ.
615 5124 656 5177 25.
680 5140 758 5197 quarn
779 5126 809 5177 id
830 5124 949 5195 Madvig.
974 5133 1045 5180 coni.
1078 5127 1131 5182 Sed
1156 5128 1274 5183 Graecae
1298 5130 1437 5200 (ηᾶλλονῆ
1460 5134 1490 5185 ori
1508 5135 1554 5185 cfr.
1579 5131 1755 5184 blatthiacurn
1781 5134 1802 5198 §.
1827 5136 1899 5202 155.)
1922 5147 1950 5187 et
1974 5132 2042 5187 Ger-

259 5207 379 5260 manicae
397 5205 503 5279 llngnae
520 5210 644 5281 analogia
668 5214 733 5263 satis
757 5210 880 5264 vindicat
903 5218 1080 5282 negationem.
1117 5215 1273 5271 Rectissime
1289 5218 1374 5288 igitur
1391 5216 1494 5271 Wolff:
1518 5218 1590 5270 bitte
1608 5217 1649 5269 r'clr
1667 5219 1787 5289 kinrpffen
1805 5224 1883 5276 ficher
1903 5248 1932 5259 -
1950 5247 1983 5262 ·-
2001 5221 2042 5272 uis

259 5289 337 5373 nicirt
353 5293 413 5353 das,
431 5311 487 5351 was
503 5295 573 5346 alien
589 5292 709 5357 nobie,
725 5323 759 5339 ··
776 5319 810 5334 ·-
827 5298 950 5350 erduiden
967 5300 1072 5351 seiten?
