<?xml version="1.0" encoding="UTF-8"?>
<!DOCTYPE html PUBLIC "-//W3C//DTD XHTML 1.0 Transitional//EN"
    "http://www.w3.org/TR/xhtml1/DTD/xhtml1-transitional.dtd">
<html xmlns="http://www.w3.org/1999/xhtml" xml:lang="en" lang="en">
 <head>
  <title>
</title>
<meta http-equiv="Content-Type" content="text/html;charset=utf-8" />
  <meta name='ocr-system' content='tesseract 3.04.00' />
  <meta name='ocr-capabilities' content='ocr_page ocr_carea ocr_par ocr_line ocrx_word'/>
</head>
<body>
  <div class='ocr_page' id='page_1' title='image "./propsestioorati00orelgoog_0041.png"; bbox 0 0 4740 6068; ppageno 0'>
   <div class='ocr_carea' id='block_1_1' title="bbox 316 343 367 417">
    <p class='ocr_par' dir='ltr' id='par_1_1' title="bbox 316 343 367 417">
     <span class='ocr_line' id='line_1_1' title="bbox 316 343 367 417; baseline 0.02 -1"><span class='ocrx_word' id='word_1_1' title='bbox 316 343 367 417; x_wconf 74' lang='grc'><strong>24</strong></span> 
     </span>
    </p>
   </div>
   <div class='ocr_carea' id='block_1_2' title="bbox 316 523 2120 929">
    <p class='ocr_par' dir='ltr' id='par_1_2' title="bbox 316 523 2120 929">
     <span class='ocr_line' id='line_1_2' title="bbox 318 523 2119 614; baseline 0.002 -21"><span class='ocrx_word' id='word_1_2' title='bbox 318 531 453 611; x_wconf 85' lang='lat' dir='ltr'><strong>templa.</strong></span> <span class='ocrx_word' id='word_1_3' title='bbox 467 528 609 592; x_wconf 90' lang='lat' dir='ltr'><strong>deorum</strong></span> <span class='ocrx_word' id='word_1_4' title='bbox 627 523 866 591; x_wconf 88' lang='lat' dir='ltr'><strong>immortalium</strong></span> <span class='ocrx_word' id='word_1_5' title='bbox 888 525 1133 590; x_wconf 81' lang='lat' dir='ltr'><strong>inflammaret?</strong></span> <span class='ocrx_word' id='word_1_6' title='bbox 1159 523 1311 589; x_wconf 89' lang='lat' dir='ltr'><strong>tribunos</strong></span> <span class='ocrx_word' id='word_1_7' title='bbox 1331 527 1377 609; x_wconf 90' lang='lat' dir='ltr'><strong>pl.</strong></span> <span class='ocrx_word' id='word_1_8' title='bbox 1400 526 1531 591; x_wconf 79' lang='lat' dir='ltr'><strong>terroe</strong></span> <span class='ocrx_word' id='word_1_9' title='bbox 1551 527 1681 592; x_wconf 80' lang='lat' dir='ltr'><strong>Rostris</strong></span> <span class='ocrx_word' id='word_1_10' title='bbox 1701 529 1903 612; x_wconf 75' lang='lat' dir='ltr'><strong>expelleret?</strong></span> <span class='ocrx_word' id='word_1_11' title='bbox 1928 530 2119 614; x_wconf 75' lang='lat' dir='ltr'><strong>provincias</strong></span> 
     </span>
     <span class='ocr_line' id='line_1_3' title="bbox 322 632 2119 715; baseline 0.002 -19"><span class='ocrx_word' id='word_1_12' title='bbox 322 654 405 715; x_wconf 86' lang='lat' dir='ltr'><strong>quas</strong></span> <span class='ocrx_word' id='word_1_13' title='bbox 425 635 525 696; x_wconf 83' lang='lat' dir='ltr'><strong>vellet</strong></span> <span class='ocrx_word' id='word_1_14' title='bbox 545 633 665 712; x_wconf 92' lang='lat' dir='ltr'><strong>quibus</strong></span> <span class='ocrx_word' id='word_1_15' title='bbox 686 633 786 694; x_wconf 83' lang='lat' dir='ltr'><strong>vellet</strong></span> <span class='ocrx_word' id='word_1_16' title='bbox 806 632 985 693; x_wconf 79' lang='lat' dir='ltr'><strong>venderet?</strong></span> <span class='ocrx_word' id='word_1_17' title='bbox 1013 650 1108 714; x_wconf 84' lang='lat' dir='ltr'><strong>reges</strong></span> <span class='ocrx_word' id='word_1_18' title='bbox 1128 632 1335 712; x_wconf 80' lang='lat' dir='ltr'><strong>appellaret?</strong></span> <span class='ocrx_word' id='word_1_19' title='bbox 1350 652 1464 695; x_wconf 88' lang='lat' dir='ltr'><strong>rerum</strong></span> <span class='ocrx_word' id='word_1_20' title='bbox 1486 633 1676 714; x_wconf 88' lang='lat' dir='ltr'><strong>capitalium</strong></span> <span class='ocrx_word' id='word_1_21' title='bbox 1693 637 1932 698; x_wconf 88' lang='lat' dir='ltr'><strong>condemnatos</strong></span> <span class='ocrx_word' id='word_1_22' title='bbox 1946 636 1982 696; x_wconf 91' lang='lat' dir='ltr'><strong>in</strong></span> <span class='ocrx_word' id='word_1_23' title='bbox 1993 637 2119 700; x_wconf 88' lang='lat' dir='ltr'><strong>liberas</strong></span> 
     </span>
     <span class='ocr_line' id='line_1_4' title="bbox 316 733 2118 821; baseline 0.002 -21"><span class='ocrx_word' id='word_1_24' title='bbox 316 738 462 801; x_wconf 81' lang='lat' dir='ltr'><strong>civitates</strong></span> <span class='ocrx_word' id='word_1_25' title='bbox 481 758 543 819; x_wconf 89' lang='lat' dir='ltr'><strong>per</strong></span> <span class='ocrx_word' id='word_1_26' title='bbox 562 738 689 821; x_wconf 85' lang='lat' dir='ltr'><strong>legatos</strong></span> <span class='ocrx_word' id='word_1_27' title='bbox 710 746 841 798; x_wconf 89' lang='lat' dir='ltr'><strong>nostros</strong></span> <span class='ocrx_word' id='word_1_28' title='bbox 863 738 1058 798; x_wconf 84' lang='lat' dir='ltr'><strong>reduceret?</strong></span> <span class='ocrx_word' id='word_1_29' title='bbox 1090 733 1276 816; x_wconf 87' lang='lat' dir='ltr'><strong>principem</strong></span> <span class='ocrx_word' id='word_1_30' title='bbox 1303 735 1442 799; x_wconf 83' lang='lat' dir='ltr'><strong>civitatis</strong></span> <span class='ocrx_word' id='word_1_31' title='bbox 1469 737 1560 798; x_wconf 80' lang='lat' dir='ltr'><strong>ferro</strong></span> <span class='ocrx_word' id='word_1_32' title='bbox 1588 738 1762 800; x_wconf 90' lang='lat' dir='ltr'><strong>obsessum</strong></span> <span class='ocrx_word' id='word_1_33' title='bbox 1789 742 1938 801; x_wconf 83' lang='lat' dir='ltr'><strong>teneret?</strong></span> <span class='ocrx_word' id='word_1_34' title='bbox 1966 742 2056 803; x_wconf 90' lang='lat' dir='ltr'><strong>Haec</strong></span> <span class='ocrx_word' id='word_1_35' title='bbox 2079 752 2118 805; x_wconf 93' lang='lat' dir='ltr'><strong>ut</strong></span> 
     </span>
     <span class='ocr_line' id='line_1_5' title="bbox 316 839 2120 929; baseline 0.002 -24"><span class='ocrx_word' id='word_1_36' title='bbox 316 839 445 905; x_wconf 87' lang='lat' dir='ltr'><strong>efficere</strong></span> <span class='ocrx_word' id='word_1_37' title='bbox 468 851 597 924; x_wconf 90' lang='lat' dir='ltr'><strong>posset,</strong></span> <span class='ocrx_word' id='word_1_38' title='bbox 620 862 706 921; x_wconf 90' lang='lat' dir='ltr'><strong>quae</strong></span> <span class='ocrx_word' id='word_1_39' title='bbox 726 839 800 916; x_wconf 74' lang='lat' dir='ltr'><strong>fieri</strong></span> <span class='ocrx_word' id='word_1_40' title='bbox 821 839 886 902; x_wconf 91' lang='lat' dir='ltr'><strong>nisi</strong></span> <span class='ocrx_word' id='word_1_41' title='bbox 906 841 1002 903; x_wconf 87' lang='lat' dir='ltr'><strong>annis</strong></span> <span class='ocrx_word' id='word_1_42' title='bbox 1023 858 1185 921; x_wconf 88' lang='lat' dir='ltr'><strong>oppressa</strong></span> <span class='ocrx_word' id='word_1_43' title='bbox 1202 860 1239 901; x_wconf 92' lang='lat' dir='ltr'><strong>re</strong></span> <span class='ocrx_word' id='word_1_44' title='bbox 1258 839 1393 920; x_wconf 89' lang='lat' dir='ltr'><strong>publica</strong></span> <span class='ocrx_word' id='word_1_45' title='bbox 1413 843 1508 903; x_wconf 89' lang='lat' dir='ltr'><strong>nullo</strong></span> <span class='ocrx_word' id='word_1_46' title='bbox 1529 843 1633 902; x_wconf 91' lang='lat' dir='ltr'><strong>modo</strong></span> <span class='ocrx_word' id='word_1_47' title='bbox 1652 852 1822 922; x_wconf 88' lang='lat' dir='ltr'><strong>poterant,</strong></span> <span class='ocrx_word' id='word_1_48' title='bbox 1841 843 1979 924; x_wconf 91' lang='lat' dir='ltr'><strong>idcirco,</strong></span> <span class='ocrx_word' id='word_1_49' title='bbox 2000 845 2120 929; x_wconf 87' lang='lat' dir='ltr'><strong>eredo,</strong></span> 
     </span>
    </p>
   </div>
   <div class='ocr_carea' id='block_1_3' title="bbox 124 943 2150 1031">
    <p class='ocr_par' dir='ltr' id='par_1_3' title="bbox 124 943 2150 1031">
     <span class='ocr_line' id='line_1_6' title="bbox 124 943 2150 1031; baseline 0.001 -23"><span class='ocrx_word' id='word_1_50' title='bbox 124 950 139 973; x_wconf 67' lang='lat'>⁸</span> <span class='ocrx_word' id='word_1_51' title='bbox 176 992 181 1003; x_wconf 86' lang='lat'><strong>.</strong></span> <span class='ocrx_word' id='word_1_52' title='bbox 278 956 453 1018; x_wconf 88' lang='lat' dir='ltr'><strong>5manum</strong></span> <span class='ocrx_word' id='word_1_53' title='bbox 471 946 537 1008; x_wconf 88' lang='lat' dir='ltr'><strong>sibi</strong></span> <span class='ocrx_word' id='word_1_54' title='bbox 557 949 594 1009; x_wconf 90' lang='lat' dir='ltr'><strong>P.</strong></span> <span class='ocrx_word' id='word_1_55' title='bbox 613 945 737 1008; x_wconf 82' lang='lat' dir='ltr'><strong>Sestius</strong></span> <span class='ocrx_word' id='word_1_56' title='bbox 758 955 791 1007; x_wconf 94' lang='lat' dir='ltr'><strong>et</strong></span> <span class='ocrx_word' id='word_1_57' title='bbox 811 944 925 1026; x_wconf 88' lang='lat' dir='ltr'><strong>copias</strong></span> <span class='ocrx_word' id='word_1_58' title='bbox 946 943 1161 1025; x_wconf 88' lang='lat' dir='ltr'><strong>comparavit.</strong></span> <span class='ocrx_word' id='word_1_59' title='bbox 1180 977 1221 990; x_wconf 87' lang='lat'><em>-</em></span> <span class='ocrx_word' id='word_1_60' title='bbox 1248 947 1288 1006; x_wconf 81' lang='lat' dir='ltr'><strong>at</strong></span> <span class='ocrx_word' id='word_1_61' title='bbox 1313 947 1465 1007; x_wconf 91' lang='lat' dir='ltr'><strong>nondum</strong></span> <span class='ocrx_word' id='word_1_62' title='bbox 1492 955 1561 1008; x_wconf 88' lang='lat' dir='ltr'><strong>erat</strong></span> <span class='ocrx_word' id='word_1_63' title='bbox 1587 957 1773 1022; x_wconf 68' lang='lat' dir='ltr'><strong>maturum</strong></span> <span class='ocrx_word' id='word_1_64' title='bbox 1800 950 1950 1009; x_wconf 91' lang='lat' dir='ltr'><strong>nondum</strong></span> <span class='ocrx_word' id='word_1_65' title='bbox 1970 969 2023 1011; x_wconf 89' lang='lat' dir='ltr'><strong>res</strong></span> <span class='ocrx_word' id='word_1_66' title='bbox 2044 949 2120 1031; x_wconf 82' lang='lat' dir='ltr'><strong>ipsa</strong></span> <span class='ocrx_word' id='word_1_67' title='bbox 2148 1025 2150 1027; x_wconf 13' lang='grc' dir='ltr'><strong><em>ι</em></strong></span> 
     </span>
    </p>
   </div>
   <div class='ocr_carea' id='block_1_4' title="bbox 253 1049 2191 2182">
    <p class='ocr_par' dir='ltr' id='par_1_4' title="bbox 253 1049 2191 2182">
     <span class='ocr_line' id='line_1_7' title="bbox 315 1049 2118 1132; baseline 0.001 -18"><span class='ocrx_word' id='word_1_68' title='bbox 315 1053 357 1114; x_wconf 86' lang='lat' dir='ltr'><strong>ad</strong></span> <span class='ocrx_word' id='word_1_69' title='bbox 379 1049 545 1114; x_wconf 88' lang='lat' dir='ltr'><strong>eiusmodi</strong></span> <span class='ocrx_word' id='word_1_70' title='bbox 565 1050 731 1132; x_wconf 90' lang='lat' dir='ltr'><strong>praesidia</strong></span> <span class='ocrx_word' id='word_1_71' title='bbox 750 1051 840 1113; x_wconf 82' lang='lat' dir='ltr'><strong>viros</strong></span> <span class='ocrx_word' id='word_1_72' title='bbox 863 1052 970 1111; x_wconf 89' lang='lat' dir='ltr'><strong>bonos</strong></span> <span class='ocrx_word' id='word_1_73' title='bbox 991 1049 1223 1129; x_wconf 88' lang='lat' dir='ltr'><strong>compellebat.</strong></span> <span class='ocrx_word' id='word_1_74' title='bbox 1244 1080 1284 1096; x_wconf 85' lang='lat'><em>-</em></span> <span class='ocrx_word' id='word_1_75' title='bbox 1304 1049 1397 1113; x_wconf 87' lang='lat' dir='ltr'><strong>Pulsi</strong></span> <span class='ocrx_word' id='word_1_76' title='bbox 1416 1069 1479 1112; x_wconf 92' lang='lat' dir='ltr'><strong>nos</strong></span> <span class='ocrx_word' id='word_1_77' title='bbox 1501 1070 1651 1131; x_wconf 82' lang='lat' dir='ltr'><strong>cramus,</strong></span> <span class='ocrx_word' id='word_1_78' title='bbox 1676 1069 1747 1112; x_wconf 92' lang='lat' dir='ltr'><strong>non</strong></span> <span class='ocrx_word' id='word_1_79' title='bbox 1773 1051 1913 1113; x_wconf 91' lang='lat' dir='ltr'><strong>omnino</strong></span> <span class='ocrx_word' id='word_1_80' title='bbox 1933 1052 1994 1114; x_wconf 89' lang='lat' dir='ltr'><strong>ista</strong></span> <span class='ocrx_word' id='word_1_81' title='bbox 2013 1074 2118 1115; x_wconf 90' lang='lat' dir='ltr'><strong>manu</strong></span> 
     </span>
     <span class='ocr_line' id='line_1_8' title="bbox 314 1151 2118 1237; baseline 0.001 -19"><span class='ocrx_word' id='word_1_82' title='bbox 314 1159 403 1237; x_wconf 91' lang='lat' dir='ltr'><strong>sola,</strong></span> <span class='ocrx_word' id='word_1_83' title='bbox 423 1167 471 1218; x_wconf 91' lang='lat' dir='ltr'><strong>set</strong></span> <span class='ocrx_word' id='word_1_84' title='bbox 492 1166 603 1217; x_wconf 87' lang='lat' dir='ltr'><strong>tamen</strong></span> <span class='ocrx_word' id='word_1_85' title='bbox 623 1174 693 1216; x_wconf 92' lang='lat' dir='ltr'><strong>non</strong></span> <span class='ocrx_word' id='word_1_86' title='bbox 714 1154 787 1216; x_wconf 88' lang='lat' dir='ltr'><strong>sinc</strong></span> <span class='ocrx_word' id='word_1_87' title='bbox 807 1153 887 1216; x_wconf 90' lang='lat' dir='ltr'><strong>ista:</strong></span> <span class='ocrx_word' id='word_1_88' title='bbox 917 1172 978 1215; x_wconf 82' lang='lat' dir='ltr'><strong>vos</strong></span> <span class='ocrx_word' id='word_1_89' title='bbox 1000 1152 1090 1215; x_wconf 85' lang='lat' dir='ltr'><strong>taciti</strong></span> <span class='ocrx_word' id='word_1_90' title='bbox 1110 1151 1316 1220; x_wconf 88' lang='lat' dir='ltr'><strong>maerebatis.</strong></span> <span class='ocrx_word' id='word_1_91' title='bbox 1359 1157 1411 1218; x_wconf 78' lang='lat'><strong>85.</strong></span> <span class='ocrx_word' id='word_1_92' title='bbox 1432 1156 1572 1236; x_wconf 84' lang='lat' dir='ltr'><strong>Captum</strong></span> <span class='ocrx_word' id='word_1_93' title='bbox 1594 1165 1662 1218; x_wconf 88' lang='lat' dir='ltr'><strong>erat</strong></span> <span class='ocrx_word' id='word_1_94' title='bbox 1683 1154 1795 1217; x_wconf 85' lang='lat' dir='ltr'><strong>iorum</strong></span> <span class='ocrx_word' id='word_1_95' title='bbox 1815 1174 1905 1216; x_wconf 90' lang='lat' dir='ltr'><strong>anno</strong></span> <span class='ocrx_word' id='word_1_96' title='bbox 1923 1157 2118 1236; x_wconf 82' lang='lat' dir='ltr'><strong>superiore,</strong></span> 
     </span>
     <span class='ocr_line' id='line_1_9' title="bbox 314 1256 2117 1341; baseline 0.002 -19"><span class='ocrx_word' id='word_1_97' title='bbox 314 1263 395 1324; x_wconf 85' lang='lat' dir='ltr'><strong>aede</strong></span> <span class='ocrx_word' id='word_1_98' title='bbox 428 1259 569 1325; x_wconf 82' lang='lat' dir='ltr'><strong>Castoris</strong></span> <span class='ocrx_word' id='word_1_99' title='bbox 598 1269 767 1340; x_wconf 89' lang='lat' dir='ltr'><strong>tamquam</strong></span> <span class='ocrx_word' id='word_1_100' title='bbox 801 1278 875 1320; x_wconf 89' lang='lat' dir='ltr'><strong>arce</strong></span> <span class='ocrx_word' id='word_1_101' title='bbox 905 1257 1016 1337; x_wconf 87' lang='lat' dir='ltr'><strong>aliqua</strong></span> <span class='ocrx_word' id='word_1_102' title='bbox 1044 1278 1064 1319; x_wconf 91' lang='lat' dir='ltr'><strong>a</strong></span> <span class='ocrx_word' id='word_1_103' title='bbox 1089 1256 1235 1341; x_wconf 79' lang='lat' dir='ltr'><strong>fugitivis</strong></span> <span class='ocrx_word' id='word_1_104' title='bbox 1264 1266 1445 1338; x_wconf 88' lang='lat' dir='ltr'><strong>occupata:</strong></span> <span class='ocrx_word' id='word_1_105' title='bbox 1474 1258 1645 1321; x_wconf 76' lang='lat' dir='ltr'><strong>silebatur.</strong></span> <span class='ocrx_word' id='word_1_106' title='bbox 1687 1257 1812 1321; x_wconf 88' lang='lat' dir='ltr'><strong>Omnia·</strong></span> <span class='ocrx_word' id='word_1_107' title='bbox 1834 1259 2013 1323; x_wconf 90' lang='lat' dir='ltr'><strong>hominum</strong></span> <span class='ocrx_word' id='word_1_108' title='bbox 2040 1282 2117 1333; x_wconf 84' lang='lat' dir='ltr'><strong>cum</strong></span> 
     </span>
     <span class='ocr_line' id='line_1_10' title="bbox 315 1361 2120 1453; baseline 0.002 -25"><span class='ocrx_word' id='word_1_109' title='bbox 315 1375 461 1449; x_wconf 87' lang='lat' dir='ltr'><strong>egestate</strong></span> <span class='ocrx_word' id='word_1_110' title='bbox 482 1374 552 1426; x_wconf 91' lang='lat' dir='ltr'><strong>tum</strong></span> <span class='ocrx_word' id='word_1_111' title='bbox 575 1363 713 1426; x_wconf 88' lang='lat' dir='ltr'><strong>andacia</strong></span> <span class='ocrx_word' id='word_1_112' title='bbox 732 1363 941 1444; x_wconf 89' lang='lat' dir='ltr'><strong>perditorum</strong></span> <span class='ocrx_word' id='word_1_113' title='bbox 964 1363 1110 1424; x_wconf 87' lang='lat' dir='ltr'><strong>clamore</strong></span> <span class='ocrx_word' id='word_1_114' title='bbox 1130 1379 1311 1441; x_wconf 82' lang='lat' dir='ltr'><strong>concursu,</strong></span> <span class='ocrx_word' id='word_1_115' title='bbox 1327 1361 1362 1422; x_wconf 82' lang='lat' dir='ltr'><strong>vi</strong></span> <span class='ocrx_word' id='word_1_116' title='bbox 1379 1382 1478 1424; x_wconf 90' lang='lat' dir='ltr'><strong>manu</strong></span> <span class='ocrx_word' id='word_1_117' title='bbox 1499 1366 1719 1448; x_wconf 83' lang='lat' dir='ltr'><strong>gerebantur:</strong></span> <span class='ocrx_word' id='word_1_118' title='bbox 1740 1365 1968 1447; x_wconf 79' lang='lat' dir='ltr'><strong>perferebatis.</strong></span> <span class='ocrx_word' id='word_1_119' title='bbox 2010 1367 2120 1453; x_wconf 82' lang='lat' dir='ltr'><strong>Magi·</strong></span> 
     </span>
     <span class='ocr_line' id='line_1_11' title="bbox 256 1465 2120 1549; baseline 0.001 -17"><span class='ocrx_word' id='word_1_120' title='bbox 256 1476 295 1543; x_wconf 79' lang='lat'><strong>10</strong></span> <span class='ocrx_word' id='word_1_121' title='bbox 315 1481 435 1532; x_wconf 88' lang='lat' dir='ltr'><strong>stratus</strong></span> <span class='ocrx_word' id='word_1_122' title='bbox 449 1468 580 1548; x_wconf 87' lang='lat' dir='ltr'><strong>templis</strong></span> <span class='ocrx_word' id='word_1_123' title='bbox 595 1470 823 1548; x_wconf 81' lang='lat' dir='ltr'><strong>pellebantur,</strong></span> <span class='ocrx_word' id='word_1_124' title='bbox 840 1466 898 1528; x_wconf 91' lang='lat' dir='ltr'><strong>alii</strong></span> <span class='ocrx_word' id='word_1_125' title='bbox 911 1467 1050 1527; x_wconf 90' lang='lat' dir='ltr'><strong>omnino</strong></span> <span class='ocrx_word' id='word_1_126' title='bbox 1071 1465 1161 1528; x_wconf 92' lang='lat' dir='ltr'><strong>aditu</strong></span> <span class='ocrx_word' id='word_1_127' title='bbox 1182 1486 1220 1528; x_wconf 85' lang='lat' dir='ltr'><strong>ac</strong></span> <span class='ocrx_word' id='word_1_128' title='bbox 1240 1466 1317 1528; x_wconf 79' lang='lat' dir='ltr'><strong>loro</strong></span> <span class='ocrx_word' id='word_1_129' title='bbox 1337 1466 1620 1549; x_wconf 88' lang='lat' dir='ltr'><strong>prohibebantur:</strong></span> <span class='ocrx_word' id='word_1_130' title='bbox 1642 1488 1742 1532; x_wconf 86' lang='lat' dir='ltr'><strong>nemo</strong></span> <span class='ocrx_word' id='word_1_131' title='bbox 1763 1468 1944 1532; x_wconf 70' lang='lat' dir='ltr'><strong>resistebat.</strong></span> <span class='ocrx_word' id='word_1_132' title='bbox 1983 1471 2120 1534; x_wconf 87' lang='lat' dir='ltr'><strong>Gladia-</strong></span> 
     </span>
     <span class='ocr_line' id='line_1_12' title="bbox 315 1570 2118 1654; baseline 0.003 -22"><span class='ocrx_word' id='word_1_133' title='bbox 315 1585 403 1633; x_wconf 88' lang='lat' dir='ltr'><strong>tores</strong></span> <span class='ocrx_word' id='word_1_134' title='bbox 426 1592 467 1632; x_wconf 86' lang='lat' dir='ltr'><strong>ex</strong></span> <span class='ocrx_word' id='word_1_135' title='bbox 486 1571 648 1652; x_wconf 89' lang='lat' dir='ltr'><strong>praetoris</strong></span> <span class='ocrx_word' id='word_1_136' title='bbox 671 1572 827 1634; x_wconf 91' lang='lat' dir='ltr'><strong>comitatu</strong></span> <span class='ocrx_word' id='word_1_137' title='bbox 850 1570 1101 1653; x_wconf 87' lang='lat' dir='ltr'><strong>comprehensi,</strong></span> <span class='ocrx_word' id='word_1_138' title='bbox 1126 1570 1163 1632; x_wconf 93' lang='lat' dir='ltr'><strong>in</strong></span> <span class='ocrx_word' id='word_1_139' title='bbox 1188 1582 1338 1634; x_wconf 88' lang='lat' dir='ltr'><strong>senatum</strong></span> <span class='ocrx_word' id='word_1_140' title='bbox 1366 1571 1568 1652; x_wconf 84' lang='lat' dir='ltr'><strong>introducti,</strong></span> <span class='ocrx_word' id='word_1_141' title='bbox 1598 1573 1760 1654; x_wconf 80' lang='lat' dir='ltr'><strong>confessi,</strong></span> <span class='ocrx_word' id='word_1_142' title='bbox 1790 1574 1825 1636; x_wconf 91' lang='lat' dir='ltr'><strong>in</strong></span> <span class='ocrx_word' id='word_1_143' title='bbox 1846 1575 1954 1638; x_wconf 74' lang='lat' dir='ltr'><strong>vincla</strong></span> <span class='ocrx_word' id='word_1_144' title='bbox 1973 1575 2118 1638; x_wconf 85' lang='lat' dir='ltr'><strong>coniecti</strong></span> 
     </span>
     <span class='ocr_line' id='line_1_13' title="bbox 261 1672 2191 1768; baseline 0.003 -31"><span class='ocrx_word' id='word_1_145' title='bbox 261 1716 265 1723; x_wconf 84' lang='lat'><strong>·</strong></span> <span class='ocrx_word' id='word_1_146' title='bbox 312 1696 332 1737; x_wconf 88' lang='lat' dir='ltr'><strong>a</strong></span> <span class='ocrx_word' id='word_1_147' title='bbox 351 1674 497 1756; x_wconf 87' lang='lat' dir='ltr'><strong>Milone,</strong></span> <span class='ocrx_word' id='word_1_148' title='bbox 519 1675 631 1738; x_wconf 85' lang='lat' dir='ltr'><strong>emissi</strong></span> <span class='ocrx_word' id='word_1_149' title='bbox 652 1697 672 1737; x_wconf 91' lang='lat' dir='ltr'><strong>a</strong></span> <span class='ocrx_word' id='word_1_150' title='bbox 691 1679 851 1768; x_wconf 77' lang='lat' dir='ltr'><strong>Serrano:</strong></span> <span class='ocrx_word' id='word_1_151' title='bbox 874 1674 999 1737; x_wconf 91' lang='lat' dir='ltr'><strong>mentio</strong></span> <span class='ocrx_word' id='word_1_152' title='bbox 1019 1677 1123 1737; x_wconf 92' lang='lat' dir='ltr'><strong>nulla.</strong></span> <span class='ocrx_word' id='word_1_153' title='bbox 1163 1678 1287 1737; x_wconf 85' lang='lat' dir='ltr'><strong>Forum</strong></span> <span class='ocrx_word' id='word_1_154' title='bbox 1307 1676 1505 1758; x_wconf 83' lang='lat' dir='ltr'><strong>corporibus</strong></span> <span class='ocrx_word' id='word_1_155' title='bbox 1524 1675 1647 1739; x_wconf 85' lang='lat' dir='ltr'><strong>civium</strong></span> <span class='ocrx_word' id='word_1_156' title='bbox 1662 1680 1894 1741; x_wconf 80' lang='lat' dir='ltr'><strong>Romanorum</strong></span> <span class='ocrx_word' id='word_1_157' title='bbox 1912 1672 2116 1744; x_wconf 84' lang='lat' dir='ltr'><strong>constratum</strong></span> <span class='ocrx_word' id='word_1_158' title='bbox 2188 1678 2191 1683; x_wconf 75' lang='grc'><strong>’</strong></span> 
     </span>
     <span class='ocr_line' id='line_1_14' title="bbox 312 1779 2114 1860; baseline 0.003 -18"><span class='ocrx_word' id='word_1_159' title='bbox 312 1781 412 1842; x_wconf 87' lang='lat' dir='ltr'><strong>caede</strong></span> <span class='ocrx_word' id='word_1_160' title='bbox 432 1790 615 1842; x_wconf 88' lang='lat' dir='ltr'><strong>nocturna:</strong></span> <span class='ocrx_word' id='word_1_161' title='bbox 644 1801 714 1842; x_wconf 90' lang='lat' dir='ltr'><strong>non</strong></span> <span class='ocrx_word' id='word_1_162' title='bbox 733 1784 836 1844; x_wconf 90' lang='lat' dir='ltr'><strong>modo</strong></span> <span class='ocrx_word' id='word_1_163' title='bbox 857 1783 950 1842; x_wconf 86' lang='lat' dir='ltr'><strong>nulla</strong></span> <span class='ocrx_word' id='word_1_164' title='bbox 969 1800 1057 1842; x_wconf 80' lang='lat' dir='ltr'><strong>nova</strong></span> <span class='ocrx_word' id='word_1_165' title='bbox 1076 1779 1248 1860; x_wconf 85' lang='lat' dir='ltr'><strong>quaestio,</strong></span> <span class='ocrx_word' id='word_1_166' title='bbox 1272 1790 1322 1842; x_wconf 90' lang='lat' dir='ltr'><strong>set</strong></span> <span class='ocrx_word' id='word_1_167' title='bbox 1348 1779 1447 1843; x_wconf 87' lang='lat' dir='ltr'><strong>etiam</strong></span> <span class='ocrx_word' id='word_1_168' title='bbox 1467 1791 1578 1844; x_wconf 79' lang='lat' dir='ltr'><strong>vetera</strong></span> <span class='ocrx_word' id='word_1_169' title='bbox 1598 1780 1718 1844; x_wconf 87' lang='lat' dir='ltr'><strong>iudicia</strong></span> <span class='ocrx_word' id='word_1_170' title='bbox 1747 1784 1887 1844; x_wconf 89' lang='lat' dir='ltr'><strong>sublata.</strong></span> <span class='ocrx_word' id='word_1_171' title='bbox 1927 1785 2114 1848; x_wconf 86' lang='lat' dir='ltr'><strong>Tribunum</strong></span> 
     </span>
     <span class='ocr_line' id='line_1_15' title="bbox 311 1867 2116 1971; baseline 0.003 -25"><span class='ocrx_word' id='word_1_172' title='bbox 311 1886 358 1966; x_wconf 94' lang='lat' dir='ltr'><strong>pl.</strong></span> <span class='ocrx_word' id='word_1_173' title='bbox 384 1886 461 1966; x_wconf 89' lang='lat' dir='ltr'><strong>plus</strong></span> <span class='ocrx_word' id='word_1_174' title='bbox 487 1885 606 1968; x_wconf 82' lang='lat' dir='ltr'><strong>viginti</strong></span> <span class='ocrx_word' id='word_1_175' title='bbox 635 1867 827 1951; x_wconf 77' lang='lat' dir='ltr'><strong>iolneribus</strong></span> <span class='ocrx_word' id='word_1_176' title='bbox 860 1886 1003 1968; x_wconf 84' lang='lat' dir='ltr'><strong>acceptis</strong></span> <span class='ocrx_word' id='word_1_177' title='bbox 1033 1887 1193 1948; x_wconf 88' lang='lat' dir='ltr'><strong>iacentem</strong></span> <span class='ocrx_word' id='word_1_178' title='bbox 1227 1884 1532 1965; x_wconf 84' lang='lat' dir='ltr'><strong>moribundumque</strong></span> <span class='ocrx_word' id='word_1_179' title='bbox 1559 1886 1704 1949; x_wconf 86' lang='lat' dir='ltr'><strong>vidistis:</strong></span> <span class='ocrx_word' id='word_1_180' title='bbox 1735 1888 1870 1950; x_wconf 87' lang='lat' dir='ltr'><strong>alterius</strong></span> <span class='ocrx_word' id='word_1_181' title='bbox 1898 1888 2021 1950; x_wconf 89' lang='lat' dir='ltr'><strong>tribuni</strong></span> <span class='ocrx_word' id='word_1_182' title='bbox 2048 1891 2116 1971; x_wconf 93' lang='lat' dir='ltr'><strong>pl.‚</strong></span> 
     </span>
     <span class='ocr_line' id='line_1_16' title="bbox 253 1987 2116 2074; baseline 0 -21"><span class='ocrx_word' id='word_1_183' title='bbox 253 1989 291 2053; x_wconf 81' lang='lat' dir='ltr'><strong>ts</strong></span> <span class='ocrx_word' id='word_1_184' title='bbox 312 1987 417 2051; x_wconf 81' lang='lat' dir='ltr'><strong>divini</strong></span> <span class='ocrx_word' id='word_1_185' title='bbox 437 1989 603 2074; x_wconf 89' lang='lat' dir='ltr'><strong>bominis,</strong></span> <span class='ocrx_word' id='word_1_186' title='bbox 622 1992 745 2072; x_wconf 88' lang='lat' dir='ltr'><strong>(dicam</strong></span> <span class='ocrx_word' id='word_1_187' title='bbox 767 1992 857 2055; x_wconf 89' lang='lat' dir='ltr'><strong>enirn</strong></span> <span class='ocrx_word' id='word_1_188' title='bbox 875 1994 969 2071; x_wconf 90' lang='lat' dir='ltr'><strong>quod</strong></span> <span class='ocrx_word' id='word_1_189' title='bbox 988 1991 1095 2053; x_wconf 89' lang='lat' dir='ltr'><strong>sentio</strong></span> <span class='ocrx_word' id='word_1_190' title='bbox 1118 1999 1149 2052; x_wconf 93' lang='lat' dir='ltr'><strong>et</strong></span> <span class='ocrx_word' id='word_1_191' title='bbox 1169 1992 1262 2069; x_wconf 90' lang='lat' dir='ltr'><strong>qnod</strong></span> <span class='ocrx_word' id='word_1_192' title='bbox 1287 2010 1417 2051; x_wconf 89' lang='lat' dir='ltr'><strong>mecum</strong></span> <span class='ocrx_word' id='word_1_193' title='bbox 1438 1989 1583 2050; x_wconf 90' lang='lat' dir='ltr'><strong>sentiunt</strong></span> <span class='ocrx_word' id='word_1_194' title='bbox 1602 1996 1729 2063; x_wconf 89' lang='lat' dir='ltr'><strong>omnes)</strong></span> <span class='ocrx_word' id='word_1_195' title='bbox 1748 1992 1870 2070; x_wconf 88' lang='lat' dir='ltr'><strong>divini,</strong></span> <span class='ocrx_word' id='word_1_196' title='bbox 1890 1992 2012 2073; x_wconf 77' lang='lat' dir='ltr'><strong>insigni</strong></span> <span class='ocrx_word' id='word_1_197' title='bbox 2033 2012 2116 2070; x_wconf 88' lang='lat' dir='ltr'><strong>qna-</strong></span> 
     </span>
     <span class='ocr_line' id='line_1_17' title="bbox 310 2085 2114 2182; baseline 0.003 -29"><span class='ocrx_word' id='word_1_198' title='bbox 310 2095 406 2171; x_wconf 87' lang='lat' dir='ltr'><strong>dam,</strong></span> <span class='ocrx_word' id='word_1_199' title='bbox 434 2094 603 2178; x_wconf 88' lang='lat' dir='ltr'><strong>inaudita,</strong></span> <span class='ocrx_word' id='word_1_200' title='bbox 631 2119 720 2161; x_wconf 87' lang='lat' dir='ltr'><strong>nova</strong></span> <span class='ocrx_word' id='word_1_201' title='bbox 744 2096 974 2182; x_wconf 83' lang='lat' dir='ltr'><strong>magnitudine</strong></span> <span class='ocrx_word' id='word_1_202' title='bbox 994 2093 1096 2158; x_wconf 87' lang='lat' dir='ltr'><strong>animi</strong></span> <span class='ocrx_word' id='word_1_203' title='bbox 1125 2093 1284 2174; x_wconf 82' lang='lat' dir='ltr'><strong>gravitate</strong></span> <span class='ocrx_word' id='word_1_204' title='bbox 1321 2091 1388 2144; x_wconf 86' lang='lat' dir='ltr'><strong>tide</strong></span> <span class='ocrx_word' id='word_1_205' title='bbox 1411 2085 1553 2166; x_wconf 87' lang='lat' dir='ltr'><strong>praediti</strong></span> <span class='ocrx_word' id='word_1_206' title='bbox 1575 2087 1696 2150; x_wconf 90' lang='lat' dir='ltr'><strong>domus</strong></span> <span class='ocrx_word' id='word_1_207' title='bbox 1723 2087 1789 2151; x_wconf 79' lang='lat' dir='ltr'><strong>est‘</strong></span> <span class='ocrx_word' id='word_1_208' title='bbox 1798 2105 1990 2174; x_wconf 89' lang='lat' dir='ltr'><strong>oppugnata</strong></span> <span class='ocrx_word' id='word_1_209' title='bbox 2022 2094 2114 2158; x_wconf 86' lang='lat' dir='ltr'><strong>ferro</strong></span> 
     </span>
    </p>
   </div>
   <div class='ocr_carea' id='block_1_5' title="bbox 307 2198 2112 2381">
    <p class='ocr_par' dir='ltr' id='par_1_5' title="bbox 307 2198 2112 2381">
     <span class='ocr_line' id='line_1_18' title="bbox 307 2198 909 2266; baseline 0.013 -9"><span class='ocrx_word' id='word_1_210' title='bbox 307 2198 434 2262; x_wconf 81' lang='lat' dir='ltr'><strong>facibus</strong></span> <span class='ocrx_word' id='word_1_211' title='bbox 459 2204 604 2266; x_wconf 85' lang='lat' dir='ltr'><strong>exercitu</strong></span> <span class='ocrx_word' id='word_1_212' title='bbox 626 2204 802 2265; x_wconf 88' lang='lat' dir='ltr'><strong>Clodiano.</strong></span> <span class='ocrx_word' id='word_1_213' title='bbox 906 2224 909 2229; x_wconf 91' lang='grc'><em>·</em></span> 
     </span>
     <span class='ocr_line' id='line_1_19' title="bbox 391 2292 2112 2381; baseline 0.006 -23"><span class='ocrx_word' id='word_1_214' title='bbox 391 2302 457 2358; x_wconf 86' lang='lat' dir='ltr'><strong>XL.</strong></span> <span class='ocrx_word' id='word_1_215' title='bbox 500 2306 550 2360; x_wconf 83' lang='lat'><strong>86.</strong></span> <span class='ocrx_word' id='word_1_216' title='bbox 571 2306 667 2356; x_wconf 83' lang='lat' dir='ltr'><strong>Ettu</strong></span> <span class='ocrx_word' id='word_1_217' title='bbox 688 2295 848 2357; x_wconf 93' lang='lat' dir='ltr'><strong>hocloco</strong></span> <span class='ocrx_word' id='word_1_218' title='bbox 869 2295 984 2355; x_wconf 88' lang='lat' dir='ltr'><strong>landas</strong></span> <span class='ocrx_word' id='word_1_219' title='bbox 1006 2292 1167 2354; x_wconf 88' lang='lat' dir='ltr'><strong>Milonem</strong></span> <span class='ocrx_word' id='word_1_220' title='bbox 1190 2304 1222 2354; x_wconf 86' lang='lat' dir='ltr'><strong>et</strong></span> <span class='ocrx_word' id='word_1_221' title='bbox 1247 2292 1321 2356; x_wconf 89' lang='lat' dir='ltr'><strong>iure</strong></span> <span class='ocrx_word' id='word_1_222' title='bbox 1350 2296 1476 2357; x_wconf 87' lang='lat' dir='ltr'><strong>laudas.</strong></span> <span class='ocrx_word' id='word_1_223' title='bbox 1519 2294 1623 2377; x_wconf 79' lang='lat' dir='ltr'><strong>Quem</strong></span> <span class='ocrx_word' id='word_1_224' title='bbox 1645 2297 1735 2360; x_wconf 84' lang='lat' dir='ltr'><strong>eninr</strong></span> <span class='ocrx_word' id='word_1_225' title='bbox 1754 2322 1900 2381; x_wconf 88' lang='lat' dir='ltr'><strong>unquam</strong></span> <span class='ocrx_word' id='word_1_226' title='bbox 1913 2304 2021 2368; x_wconf 86' lang='lat' dir='ltr'><strong>virum</strong></span> <span class='ocrx_word' id='word_1_227' title='bbox 2043 2315 2112 2377; x_wconf 82' lang='lat' dir='ltr'><strong>tam</strong></span> 
     </span>
    </p>
   </div>
   <div class='ocr_carea' id='block_1_6' title="bbox 251 2396 2114 3013">
    <p class='ocr_par' dir='ltr' id='par_1_6' title="bbox 251 2396 2114 3013">
     <span class='ocr_line' id='line_1_20' title="bbox 310 2396 2112 2483; baseline 0.006 -21"><span class='ocrx_word' id='word_1_228' title='bbox 310 2400 491 2462; x_wconf 82' lang='lat' dir='ltr'><strong>immortali</strong></span> <span class='ocrx_word' id='word_1_229' title='bbox 511 2398 632 2462; x_wconf 83' lang='lat' dir='ltr'><strong>virtute</strong></span> <span class='ocrx_word' id='word_1_230' title='bbox 654 2399 823 2462; x_wconf 78' lang='lat' dir='ltr'><strong>vidimus?</strong></span> <span class='ocrx_word' id='word_1_231' title='bbox 853 2398 912 2478; x_wconf 91' lang='lat' dir='ltr'><strong>qui</strong></span> <span class='ocrx_word' id='word_1_232' title='bbox 933 2398 1028 2458; x_wconf 91' lang='lat' dir='ltr'><strong>nullo</strong></span> <span class='ocrx_word' id='word_1_233' title='bbox 1049 2396 1200 2477; x_wconf 88' lang='lat' dir='ltr'><strong>praemio</strong></span> <span class='ocrx_word' id='word_1_234' title='bbox 1221 2398 1397 2480; x_wconf 87' lang='lat' dir='ltr'><strong>proposito</strong></span> <span class='ocrx_word' id='word_1_235' title='bbox 1417 2409 1547 2480; x_wconf 87' lang='lat' dir='ltr'><strong>praeter</strong></span> <span class='ocrx_word' id='word_1_236' title='bbox 1566 2403 1650 2481; x_wconf 92' lang='lat' dir='ltr'><strong>hoc,</strong></span> <span class='ocrx_word' id='word_1_237' title='bbox 1678 2407 1772 2483; x_wconf 92' lang='lat' dir='ltr'><strong>quod</strong></span> <span class='ocrx_word' id='word_1_238' title='bbox 1795 2406 1857 2467; x_wconf 83' lang='lat' dir='ltr'><strong>ianr</strong></span> <span class='ocrx_word' id='word_1_239' title='bbox 1878 2409 2056 2473; x_wconf 84' lang='lat' dir='ltr'><strong>contritum</strong></span> <span class='ocrx_word' id='word_1_240' title='bbox 2078 2423 2112 2474; x_wconf 92' lang='lat' dir='ltr'><strong>et</strong></span> 
     </span>
     <span class='ocr_line' id='line_1_21' title="bbox 251 2501 2114 2592; baseline 0.004 -21"><span class='ocrx_word' id='word_1_241' title='bbox 251 2509 293 2571; x_wconf 82' lang='grc'><strong>20</strong></span> <span class='ocrx_word' id='word_1_242' title='bbox 313 2517 533 2586; x_wconf 86' lang='lat' dir='ltr'><strong>contemptum</strong></span> <span class='ocrx_word' id='word_1_243' title='bbox 555 2513 705 2586; x_wconf 91' lang='lat' dir='ltr'><strong>putatur,</strong></span> <span class='ocrx_word' id='word_1_244' title='bbox 724 2503 884 2566; x_wconf 91' lang='lat' dir='ltr'><strong>iudicium</strong></span> <span class='ocrx_word' id='word_1_245' title='bbox 906 2504 1087 2574; x_wconf 86' lang='lat' dir='ltr'><strong>bonorum,</strong></span> <span class='ocrx_word' id='word_1_246' title='bbox 1116 2502 1229 2563; x_wconf 89' lang='lat' dir='ltr'><strong>omnia</strong></span> <span class='ocrx_word' id='word_1_247' title='bbox 1247 2501 1414 2582; x_wconf 87' lang='lat' dir='ltr'><strong>pericula,</strong></span> <span class='ocrx_word' id='word_1_248' title='bbox 1440 2523 1590 2567; x_wconf 91' lang='lat' dir='ltr'><strong>summos</strong></span> <span class='ocrx_word' id='word_1_249' title='bbox 1610 2507 1762 2581; x_wconf 89' lang='lat' dir='ltr'><strong>labores,</strong></span> <span class='ocrx_word' id='word_1_250' title='bbox 1790 2512 2011 2592; x_wconf 81' lang='lat' dir='ltr'><strong>gravissumas</strong></span> <span class='ocrx_word' id='word_1_251' title='bbox 2031 2534 2114 2578; x_wconf 85' lang='lat' dir='ltr'><strong>con-</strong></span> 
     </span>
     <span class='ocr_line' id='line_1_22' title="bbox 308 2604 2112 2699; baseline 0.005 -27"><span class='ocrx_word' id='word_1_252' title='bbox 308 2605 472 2673; x_wconf 82' lang='lat' dir='ltr'><strong>tentiones</strong></span> <span class='ocrx_word' id='word_1_253' title='bbox 493 2609 750 2688; x_wconf 86' lang='lat' dir='ltr'><strong>inimicitiasque</strong></span> <span class='ocrx_word' id='word_1_254' title='bbox 770 2606 939 2686; x_wconf 82' lang='lat' dir='ltr'><strong>suscepit?</strong></span> <span class='ocrx_word' id='word_1_255' title='bbox 969 2604 1026 2684; x_wconf 92' lang='lat' dir='ltr'><strong>qui</strong></span> <span class='ocrx_word' id='word_1_256' title='bbox 1048 2604 1130 2663; x_wconf 88' lang='lat' dir='ltr'><strong>mihi</strong></span> <span class='ocrx_word' id='word_1_257' title='bbox 1152 2623 1235 2667; x_wconf 80' lang='lat' dir='ltr'><strong>imus</strong></span> <span class='ocrx_word' id='word_1_258' title='bbox 1256 2624 1296 2665; x_wconf 89' lang='lat' dir='ltr'><strong>ex</strong></span> <span class='ocrx_word' id='word_1_259' title='bbox 1317 2605 1472 2668; x_wconf 93' lang='lat' dir='ltr'><strong>omnibus</strong></span> <span class='ocrx_word' id='word_1_260' title='bbox 1495 2606 1622 2671; x_wconf 82' lang='lat' dir='ltr'><strong>civibus</strong></span> <span class='ocrx_word' id='word_1_261' title='bbox 1642 2611 1774 2674; x_wconf 81' lang='lat' dir='ltr'><strong>videtur</strong></span> <span class='ocrx_word' id='word_1_262' title='bbox 1793 2635 1829 2676; x_wconf 88' lang='lat' dir='ltr'><strong>re</strong></span> <span class='ocrx_word' id='word_1_263' title='bbox 1849 2618 2018 2699; x_wconf 88' lang='lat' dir='ltr'><strong>docuisse,</strong></span> <span class='ocrx_word' id='word_1_264' title='bbox 2041 2639 2112 2682; x_wconf 93' lang='lat' dir='ltr'><strong>non</strong></span> 
     </span>
     <span class='ocr_line' id='line_1_23' title="bbox 309 2707 2112 2805; baseline -0.002 -30"><span class='ocrx_word' id='word_1_265' title='bbox 309 2714 438 2785; x_wconf 78' lang='lat' dir='ltr'><strong>verbis,</strong></span> <span class='ocrx_word' id='word_1_266' title='bbox 459 2725 490 2775; x_wconf 91' lang='lat' dir='ltr'><strong>et</strong></span> <span class='ocrx_word' id='word_1_267' title='bbox 512 2714 592 2793; x_wconf 91' lang='lat' dir='ltr'><strong>qnid</strong></span> <span class='ocrx_word' id='word_1_268' title='bbox 614 2722 784 2796; x_wconf 89' lang='lat' dir='ltr'><strong>oporteret</strong></span> <span class='ocrx_word' id='word_1_269' title='bbox 804 2732 824 2772; x_wconf 91' lang='lat' dir='ltr'><strong>a</strong></span> <span class='ocrx_word' id='word_1_270' title='bbox 844 2709 1086 2790; x_wconf 87' lang='lat' dir='ltr'><strong>praestantibus</strong></span> <span class='ocrx_word' id='word_1_271' title='bbox 1108 2707 1187 2769; x_wconf 83' lang='lat' dir='ltr'><strong>uiris</strong></span> <span class='ocrx_word' id='word_1_272' title='bbox 1207 2709 1243 2768; x_wconf 93' lang='lat' dir='ltr'><strong>in</strong></span> <span class='ocrx_word' id='word_1_273' title='bbox 1264 2729 1300 2770; x_wconf 87' lang='lat' dir='ltr'><strong>re</strong></span> <span class='ocrx_word' id='word_1_274' title='bbox 1319 2709 1454 2790; x_wconf 82' lang='lat' dir='ltr'><strong>publica</strong></span> <span class='ocrx_word' id='word_1_275' title='bbox 1473 2711 1545 2772; x_wconf 84' lang='lat' dir='ltr'><strong>lieri</strong></span> <span class='ocrx_word' id='word_1_276' title='bbox 1568 2725 1598 2773; x_wconf 93' lang='lat' dir='ltr'><strong>et</strong></span> <span class='ocrx_word' id='word_1_277' title='bbox 1618 2716 1702 2792; x_wconf 91' lang='lat' dir='ltr'><strong>quid</strong></span> <span class='ocrx_word' id='word_1_278' title='bbox 1722 2736 1857 2780; x_wconf 85' lang='lat' dir='ltr'><strong>necesse</strong></span> <span class='ocrx_word' id='word_1_279' title='bbox 1878 2734 1981 2783; x_wconf 88' lang='lat' dir='ltr'><strong>esset:</strong></span> <span class='ocrx_word' id='word_1_280' title='bbox 2010 2743 2112 2805; x_wconf 76' lang='lat' dir='ltr'><strong>opor.</strong></span> 
     </span>
     <span class='ocr_line' id='line_1_24' title="bbox 309 2811 2109 2912; baseline 0.006 -32"><span class='ocrx_word' id='word_1_281' title='bbox 309 2832 376 2881; x_wconf 85' lang='lat' dir='ltr'><strong>tere</strong></span> <span class='ocrx_word' id='word_1_282' title='bbox 397 2819 573 2881; x_wconf 89' lang='lat' dir='ltr'><strong>bominum</strong></span> <span class='ocrx_word' id='word_1_283' title='bbox 593 2817 790 2895; x_wconf 87' lang='lat' dir='ltr'><strong>audacium,</strong></span> <span class='ocrx_word' id='word_1_284' title='bbox 817 2832 1010 2876; x_wconf 87' lang='lat' dir='ltr'><strong>eversorum</strong></span> <span class='ocrx_word' id='word_1_285' title='bbox 1036 2812 1086 2876; x_wconf 92' lang='lat' dir='ltr'><strong>rei</strong></span> <span class='ocrx_word' id='word_1_286' title='bbox 1105 2811 1259 2893; x_wconf 86' lang='lat' dir='ltr'><strong>publicae</strong></span> <span class='ocrx_word' id='word_1_287' title='bbox 1279 2813 1396 2878; x_wconf 88' lang='lat' dir='ltr'><strong>sceleri</strong></span> <span class='ocrx_word' id='word_1_288' title='bbox 1419 2815 1548 2898; x_wconf 86' lang='lat' dir='ltr'><strong>legibus</strong></span> <span class='ocrx_word' id='word_1_289' title='bbox 1568 2827 1600 2879; x_wconf 91' lang='lat' dir='ltr'><strong>et</strong></span> <span class='ocrx_word' id='word_1_290' title='bbox 1619 2816 1749 2881; x_wconf 90' lang='lat' dir='ltr'><strong>iudiciis</strong></span> <span class='ocrx_word' id='word_1_291' title='bbox 1770 2820 1941 2902; x_wconf 88' lang='lat' dir='ltr'><strong>resistere;</strong></span> <span class='ocrx_word' id='word_1_292' title='bbox 1967 2825 1996 2887; x_wconf 93' lang='lat' dir='ltr'><strong>si</strong></span> <span class='ocrx_word' id='word_1_293' title='bbox 2015 2829 2109 2912; x_wconf 79' lang='lat' dir='ltr'><strong>leges</strong></span> 
     </span>
     <span class='ocr_line' id='line_1_25' title="bbox 308 2917 2111 3013; baseline 0.006 -28"><span class='ocrx_word' id='word_1_294' title='bbox 308 2943 378 2985; x_wconf 88' lang='lat' dir='ltr'><strong>non</strong></span> <span class='ocrx_word' id='word_1_295' title='bbox 399 2926 565 2998; x_wconf 76' lang='lat' dir='ltr'><strong>valerent,</strong></span> <span class='ocrx_word' id='word_1_296' title='bbox 594 2919 716 2981; x_wconf 91' lang='lat' dir='ltr'><strong>iudicia</strong></span> <span class='ocrx_word' id='word_1_297' title='bbox 742 2939 813 2981; x_wconf 93' lang='lat' dir='ltr'><strong>non</strong></span> <span class='ocrx_word' id='word_1_298' title='bbox 843 2929 970 2998; x_wconf 90' lang='lat' dir='ltr'><strong>essent,</strong></span> <span class='ocrx_word' id='word_1_299' title='bbox 999 2919 1028 2979; x_wconf 88' lang='lat' dir='ltr'><strong>si</strong></span> <span class='ocrx_word' id='word_1_300' title='bbox 1058 2937 1110 2979; x_wconf 90' lang='lat' dir='ltr'><strong>res</strong></span> <span class='ocrx_word' id='word_1_301' title='bbox 1137 2917 1273 2998; x_wconf 88' lang='lat' dir='ltr'><strong>publica</strong></span> <span class='ocrx_word' id='word_1_302' title='bbox 1299 2918 1334 2979; x_wconf 79' lang='lat' dir='ltr'><strong>vi</strong></span> <span class='ocrx_word' id='word_1_303' title='bbox 1361 2939 1591 3000; x_wconf 87' lang='lat' dir='ltr'><strong>consensuque</strong></span> <span class='ocrx_word' id='word_1_304' title='bbox 1620 2923 1795 2988; x_wconf 88' lang='lat' dir='ltr'><strong>audacium</strong></span> <span class='ocrx_word' id='word_1_305' title='bbox 1824 2929 1925 2990; x_wconf 90' lang='lat' dir='ltr'><strong>armis</strong></span> <span class='ocrx_word' id='word_1_306' title='bbox 1948 2951 2111 3013; x_wconf 87' lang='lat' dir='ltr'><strong>oppressa</strong></span> 
     </span>
    </p>
   </div>
   <div class='ocr_carea' id='block_1_7' title="bbox 176 3021 2111 3115">
    <p class='ocr_par' dir='ltr' id='par_1_7' title="bbox 176 3021 2111 3115">
     <span class='ocr_line' id='line_1_26' title="bbox 176 3021 2111 3115; baseline 0.008 -31"><span class='ocrx_word' id='word_1_307' title='bbox 176 3036 180 3043; x_wconf 87' lang='lat'>&#39;</span> <span class='ocrx_word' id='word_1_308' title='bbox 248 3032 288 3094; x_wconf 71' lang='lat'><strong>95</strong></span> <span class='ocrx_word' id='word_1_309' title='bbox 311 3037 495 3097; x_wconf 85' lang='lat' dir='ltr'><strong>teneretur,</strong></span> <span class='ocrx_word' id='word_1_310' title='bbox 517 3023 684 3106; x_wconf 87' lang='lat' dir='ltr'><strong>praesidio</strong></span> <span class='ocrx_word' id='word_1_311' title='bbox 705 3035 736 3087; x_wconf 91' lang='lat' dir='ltr'><strong>et</strong></span> <span class='ocrx_word' id='word_1_312' title='bbox 757 3025 863 3106; x_wconf 87' lang='lat' dir='ltr'><strong>copiis</strong></span> <span class='ocrx_word' id='word_1_313' title='bbox 885 3022 1020 3085; x_wconf 83' lang='lat' dir='ltr'><strong>delendi</strong></span> <span class='ocrx_word' id='word_1_314' title='bbox 1039 3024 1139 3085; x_wconf 87' lang='lat' dir='ltr'><strong>vitam</strong></span> <span class='ocrx_word' id='word_1_315' title='bbox 1159 3036 1192 3084; x_wconf 90' lang='lat' dir='ltr'><strong>et</strong></span> <span class='ocrx_word' id='word_1_316' title='bbox 1211 3021 1397 3105; x_wconf 85' lang='lat' dir='ltr'><strong>libertatem</strong></span> <span class='ocrx_word' id='word_1_317' title='bbox 1417 3043 1551 3086; x_wconf 88' lang='lat' dir='ltr'><strong>necesse</strong></span> <span class='ocrx_word' id='word_1_318' title='bbox 1569 3044 1652 3092; x_wconf 84' lang='lat' dir='ltr'><strong>esse.</strong></span> <span class='ocrx_word' id='word_1_319' title='bbox 1693 3029 1766 3091; x_wconf 92' lang='lat' dir='ltr'><strong>Hoc</strong></span> <span class='ocrx_word' id='word_1_320' title='bbox 1779 3030 1900 3095; x_wconf 84' lang='lat' dir='ltr'><strong>sentire</strong></span> <span class='ocrx_word' id='word_1_321' title='bbox 1913 3037 2111 3115; x_wconf 87' lang='lat' dir='ltr'><strong>prudentiae</strong></span> 
     </span>
    </p>
   </div>
   <div class='ocr_carea' id='block_1_8' title="bbox 306 3125 2110 3323">
    <p class='ocr_par' dir='ltr' id='par_1_8' title="bbox 306 3125 2110 3323">
     <span class='ocr_line' id='line_1_27' title="bbox 306 3125 2110 3216; baseline 0.001 -20"><span class='ocrx_word' id='word_1_322' title='bbox 306 3143 373 3212; x_wconf 90' lang='lat' dir='ltr'><strong>cst,</strong></span> <span class='ocrx_word' id='word_1_323' title='bbox 394 3133 502 3195; x_wconf 82' lang='lat' dir='ltr'><strong>facore</strong></span> <span class='ocrx_word' id='word_1_324' title='bbox 523 3132 744 3214; x_wconf 79' lang='lat' dir='ltr'><strong>fortitudinis3</strong></span> <span class='ocrx_word' id='word_1_325' title='bbox 765 3140 797 3193; x_wconf 91' lang='lat' dir='ltr'><strong>et</strong></span> <span class='ocrx_word' id='word_1_326' title='bbox 816 3129 937 3192; x_wconf 89' lang='lat' dir='ltr'><strong>sentire</strong></span> <span class='ocrx_word' id='word_1_327' title='bbox 958 3147 1038 3190; x_wconf 81' lang='lat' dir='ltr'><strong>vero</strong></span> <span class='ocrx_word' id='word_1_328' title='bbox 1061 3138 1093 3189; x_wconf 92' lang='lat' dir='ltr'><strong>et</strong></span> <span class='ocrx_word' id='word_1_329' title='bbox 1114 3127 1221 3188; x_wconf 83' lang='lat' dir='ltr'><strong>iacere</strong></span> <span class='ocrx_word' id='word_1_330' title='bbox 1241 3125 1406 3206; x_wconf 83' lang='lat' dir='ltr'><strong>perfectae</strong></span> <span class='ocrx_word' id='word_1_331' title='bbox 1428 3131 1679 3209; x_wconf 85' lang='lat' dir='ltr'><strong>cumulataeque</strong></span> <span class='ocrx_word' id='word_1_332' title='bbox 1700 3132 1840 3198; x_wconf 84' lang='lat' dir='ltr'><strong>virtutis.</strong></span> <span class='ocrx_word' id='word_1_333' title='bbox 1880 3143 1932 3216; x_wconf 85' lang='lat'><strong>87.</strong></span> <span class='ocrx_word' id='word_1_334' title='bbox 1954 3141 2043 3202; x_wconf 77' lang='lat' dir='ltr'><strong>Adiit</strong></span> <span class='ocrx_word' id='word_1_335' title='bbox 2066 3146 2110 3203; x_wconf 80' lang='lat' dir='ltr'><strong>ad</strong></span> 
     </span>
     <span class='ocr_line' id='line_1_28' title="bbox 306 3231 2109 3323; baseline 0.004 -22"><span class='ocrx_word' id='word_1_336' title='bbox 306 3260 375 3301; x_wconf 80' lang='lat' dir='ltr'><strong>rent</strong></span> <span class='ocrx_word' id='word_1_337' title='bbox 398 3239 566 3321; x_wconf 87' lang='lat' dir='ltr'><strong>publicam</strong></span> <span class='ocrx_word' id='word_1_338' title='bbox 588 3239 741 3301; x_wconf 87' lang='lat' dir='ltr'><strong>tribunus</strong></span> <span class='ocrx_word' id='word_1_339' title='bbox 761 3236 808 3316; x_wconf 90' lang='lat' dir='ltr'><strong>pl.</strong></span> <span class='ocrx_word' id='word_1_340' title='bbox 857 3235 961 3295; x_wconf 89' lang='lat' dir='ltr'><strong>Milo:</strong></span> <span class='ocrx_word' id='word_1_341' title='bbox 989 3236 1031 3296; x_wconf 93' lang='lat' dir='ltr'><strong>de</strong></span> <span class='ocrx_word' id='word_1_342' title='bbox 1055 3232 1148 3295; x_wconf 89' lang='lat' dir='ltr'><strong>cuius</strong></span> <span class='ocrx_word' id='word_1_343' title='bbox 1174 3232 1273 3294; x_wconf 88' lang='lat' dir='ltr'><strong>laude</strong></span> <span class='ocrx_word' id='word_1_344' title='bbox 1299 3232 1397 3312; x_wconf 91' lang='lat' dir='ltr'><strong>plura</strong></span> <span class='ocrx_word' id='word_1_345' title='bbox 1422 3231 1545 3313; x_wconf 63' lang='lat' dir='ltr'><strong>‹liestm</strong></span> <span class='ocrx_word' id='word_1_346' title='bbox 1573 3253 1643 3296; x_wconf 93' lang='lat' dir='ltr'><strong>non</strong></span> <span class='ocrx_word' id='word_1_347' title='bbox 1673 3257 1743 3316; x_wconf 91' lang='lat' dir='ltr'><strong>quo</strong></span> <span class='ocrx_word' id='word_1_348' title='bbox 1769 3251 1828 3302; x_wconf 87' lang='lat' dir='ltr'><strong>aut</strong></span> <span class='ocrx_word' id='word_1_349' title='bbox 1848 3239 1920 3323; x_wconf 90' lang='lat' dir='ltr'><strong>ipse</strong></span> <span class='ocrx_word' id='word_1_350' title='bbox 1940 3245 2022 3307; x_wconf 90' lang='lat' dir='ltr'><strong>haec</strong></span> <span class='ocrx_word' id='word_1_351' title='bbox 2043 3245 2109 3308; x_wconf 91' lang='lat' dir='ltr'><strong>diei</strong></span> 
     </span>
    </p>
   </div>
   <div class='ocr_carea' id='block_1_9' title="bbox 216 3336 2107 3428">
    <p class='ocr_par' dir='ltr' id='par_1_9' title="bbox 216 3336 2107 3428">
     <span class='ocr_line' id='line_1_29' title="bbox 216 3336 2107 3428; baseline 0.005 -26"><span class='ocrx_word' id='word_1_352' title='bbox 216 3341 223 3350; x_wconf 88' lang='grc'><em>“</em></span> <span class='ocrx_word' id='word_1_353' title='bbox 307 3364 408 3422; x_wconf 86' lang='lat' dir='ltr'><strong>quarn</strong></span> <span class='ocrx_word' id='word_1_354' title='bbox 430 3342 608 3405; x_wconf 86' lang='lat' dir='ltr'><strong>existimari</strong></span> <span class='ocrx_word' id='word_1_355' title='bbox 629 3341 721 3402; x_wconf 83' lang='lat' dir='ltr'><strong>malit</strong></span> <span class='ocrx_word' id='word_1_356' title='bbox 742 3349 799 3402; x_wconf 92' lang='lat' dir='ltr'><strong>aut</strong></span> <span class='ocrx_word' id='word_1_357' title='bbox 821 3358 885 3423; x_wconf 84' lang='lat' dir='ltr'><strong>ego</strong></span> <span class='ocrx_word' id='word_1_358' title='bbox 905 3342 995 3401; x_wconf 90' lang='lat' dir='ltr'><strong>hunc</strong></span> <span class='ocrx_word' id='word_1_359' title='bbox 1016 3337 1123 3399; x_wconf 91' lang='lat' dir='ltr'><strong>landis</strong></span> <span class='ocrx_word' id='word_1_360' title='bbox 1151 3337 1293 3400; x_wconf 82' lang='lat' dir='ltr'><strong>fructum</strong></span> <span class='ocrx_word' id='word_1_361' title='bbox 1321 3336 1487 3418; x_wconf 81' lang='lat' dir='ltr'><strong>praesenti</strong></span> <span class='ocrx_word' id='word_1_362' title='bbox 1512 3337 1654 3402; x_wconf 85' lang='lat' dir='ltr'><strong>libenter</strong></span> <span class='ocrx_word' id='word_1_363' title='bbox 1679 3341 1887 3425; x_wconf 86' lang='lat' dir='ltr'><strong>impertiam,</strong></span> <span class='ocrx_word' id='word_1_364' title='bbox 1913 3350 2107 3428; x_wconf 86' lang='lat' dir='ltr'><strong>praesertim</strong></span> 
     </span>
    </p>
   </div>
   <div class='ocr_carea' id='block_1_10' title="bbox 305 3438 2108 3545">
    <p class='ocr_par' dir='ltr' id='par_1_10' title="bbox 305 3438 2108 3545">
     <span class='ocr_line' id='line_1_30' title="bbox 305 3438 2108 3545; baseline 0.002 -40"><span class='ocrx_word' id='word_1_365' title='bbox 305 3467 380 3505; x_wconf 90' lang='lat' dir='ltr'><strong>cum</strong></span> <span class='ocrx_word' id='word_1_366' title='bbox 402 3446 512 3506; x_wconf 81' lang='lat' dir='ltr'><strong>verbis</strong></span> <span class='ocrx_word' id='word_1_367' title='bbox 533 3444 694 3524; x_wconf 87' lang='lat' dir='ltr'><strong>consequi</strong></span> <span class='ocrx_word' id='word_1_368' title='bbox 714 3465 784 3506; x_wconf 90' lang='lat' dir='ltr'><strong>non</strong></span> <span class='ocrx_word' id='word_1_369' title='bbox 804 3445 951 3526; x_wconf 88' lang='lat' dir='ltr'><strong>possim:</strong></span> <span class='ocrx_word' id='word_1_370' title='bbox 972 3454 1019 3505; x_wconf 87' lang='lat' dir='ltr'><strong>set</strong></span> <span class='ocrx_word' id='word_1_371' title='bbox 1040 3445 1134 3521; x_wconf 92' lang='lat' dir='ltr'><strong>quod</strong></span> <span class='ocrx_word' id='word_1_372' title='bbox 1155 3441 1327 3521; x_wconf 82' lang='lat' dir='ltr'><strong>existimo,</strong></span> <span class='ocrx_word' id='word_1_373' title='bbox 1357 3441 1386 3503; x_wconf 92' lang='lat' dir='ltr'><strong>si</strong></span> <span class='ocrx_word' id='word_1_374' title='bbox 1407 3438 1696 3545; x_wconf 41' lang='lat' dir='ltr'><strong>Milon&#39;n&#39;fssusam</strong></span> <span class='ocrx_word' id='word_1_375' title='bbox 1717 3450 1916 3513; x_wconf 88' lang='lat' dir='ltr'><strong>accusatoris</strong></span> <span class='ocrx_word' id='word_1_376' title='bbox 1936 3471 2019 3514; x_wconf 79' lang='lat' dir='ltr'><strong>sooe</strong></span> <span class='ocrx_word' id='word_1_377' title='bbox 2038 3456 2108 3515; x_wconf 80' lang='lat' dir='ltr'><strong>col.</strong></span> 
     </span>
    </p>
   </div>
   <div class='ocr_carea' id='block_1_11' title="bbox 220 3530 2102 3637">
    <p class='ocr_par' dir='ltr' id='par_1_11' title="bbox 220 3530 2102 3637">
     <span class='ocr_line' id='line_1_31' title="bbox 220 3530 2102 3637; baseline 0.006 -28"><span class='ocrx_word' id='word_1_378' title='bbox 220 3613 224 3621; x_wconf 47' lang='lat'><strong>.</strong></span> <span class='ocrx_word' id='word_1_379' title='bbox 246 3556 288 3618; x_wconf 80' lang='lat'><strong>30</strong></span> <span class='ocrx_word' id='word_1_380' title='bbox 307 3549 473 3610; x_wconf 88' lang='lat' dir='ltr'><strong>laudatam</strong></span> <span class='ocrx_word' id='word_1_381' title='bbox 494 3550 653 3628; x_wconf 87' lang='lat' dir='ltr'><strong>probaro,</strong></span> <span class='ocrx_word' id='word_1_382' title='bbox 673 3570 734 3612; x_wconf 83' lang='lat' dir='ltr'><strong>vos</strong></span> <span class='ocrx_word' id='word_1_383' title='bbox 755 3549 790 3611; x_wconf 92' lang='lat' dir='ltr'><strong>in</strong></span> <span class='ocrx_word' id='word_1_384' title='bbox 811 3553 876 3611; x_wconf 91' lang='lat' dir='ltr'><strong>hoe</strong></span> <span class='ocrx_word' id='word_1_385' title='bbox 897 3548 1033 3612; x_wconf 90' lang='lat' dir='ltr'><strong>crimine</strong></span> <span class='ocrx_word' id='word_1_386' title='bbox 1046 3568 1159 3629; x_wconf 89' lang='lat' dir='ltr'><strong>parem</strong></span> <span class='ocrx_word' id='word_1_387' title='bbox 1173 3547 1256 3608; x_wconf 86' lang='lat' dir='ltr'><strong>Sesti</strong></span> <span class='ocrx_word' id='word_1_388' title='bbox 1269 3567 1401 3609; x_wconf 88' lang='lat' dir='ltr'><strong>cansam</strong></span> <span class='ocrx_word' id='word_1_389' title='bbox 1416 3530 1671 3633; x_wconf 54' lang='lat' dir='ltr'><strong>existinipissros.</strong></span> <span class='ocrx_word' id='word_1_390' title='bbox 1702 3552 1795 3616; x_wconf 90' lang='lat' dir='ltr'><strong>Adiit</strong></span> <span class='ocrx_word' id='word_1_391' title='bbox 1807 3555 1909 3637; x_wconf 83' lang='lat' dir='ltr'><strong>igitur</strong></span> <span class='ocrx_word' id='word_1_392' title='bbox 1922 3558 1959 3618; x_wconf 88' lang='lat' dir='ltr'><strong>T.</strong></span> <span class='ocrx_word' id='word_1_393' title='bbox 1973 3558 2102 3620; x_wconf 82' lang='lat' dir='ltr'><strong>Annius</strong></span> 
     </span>
    </p>
   </div>
   <div class='ocr_carea' id='block_1_12' title="bbox 246 3651 2191 4271">
    <p class='ocr_par' dir='ltr' id='par_1_12' title="bbox 246 3651 2191 4271">
     <span class='ocr_line' id='line_1_32' title="bbox 305 3651 2102 3740; baseline 0.006 -25"><span class='ocrx_word' id='word_1_394' title='bbox 305 3654 347 3715; x_wconf 81' lang='lat' dir='ltr'><strong>sd</strong></span> <span class='ocrx_word' id='word_1_395' title='bbox 367 3658 506 3715; x_wconf 64' lang='lat' dir='ltr'><strong>causam*</strong></span> <span class='ocrx_word' id='word_1_396' title='bbox 520 3652 569 3714; x_wconf 87' lang='lat' dir='ltr'><strong>rei</strong></span> <span class='ocrx_word' id='word_1_397' title='bbox 589 3653 742 3735; x_wconf 87' lang='lat' dir='ltr'><strong>publicae</strong></span> <span class='ocrx_word' id='word_1_398' title='bbox 762 3654 823 3733; x_wconf 90' lang='lat' dir='ltr'><strong>sic,</strong></span> <span class='ocrx_word' id='word_1_399' title='bbox 845 3664 881 3714; x_wconf 93' lang='lat' dir='ltr'><strong>ut</strong></span> <span class='ocrx_word' id='word_1_400' title='bbox 899 3653 1005 3714; x_wconf 87' lang='lat' dir='ltr'><strong>civem</strong></span> <span class='ocrx_word' id='word_1_401' title='bbox 1025 3652 1151 3734; x_wconf 87' lang='lat' dir='ltr'><strong>patriae</strong></span> <span class='ocrx_word' id='word_1_402' title='bbox 1172 3669 1367 3730; x_wconf 90' lang='lat' dir='ltr'><strong>recuperare</strong></span> <span class='ocrx_word' id='word_1_403' title='bbox 1388 3651 1488 3712; x_wconf 87' lang='lat' dir='ltr'><strong>veliet</strong></span> <span class='ocrx_word' id='word_1_404' title='bbox 1508 3662 1669 3732; x_wconf 82' lang='lat' dir='ltr'><strong>ereptum.</strong></span> <span class='ocrx_word' id='word_1_405' title='bbox 1708 3654 1855 3739; x_wconf 87' lang='lat' dir='ltr'><strong>Simplex</strong></span> <span class='ocrx_word' id='word_1_406' title='bbox 1876 3680 1993 3740; x_wconf 89' lang='lat' dir='ltr'><strong>causa,</strong></span> <span class='ocrx_word' id='word_1_407' title='bbox 2021 3682 2102 3725; x_wconf 91' lang='lat' dir='ltr'><strong>eon-</strong></span> 
     </span>
     <span class='ocr_line' id='line_1_33' title="bbox 306 3754 2103 3845; baseline 0.007 -26"><span class='ocrx_word' id='word_1_408' title='bbox 306 3768 397 3822; x_wconf 88' lang='lat' dir='ltr'><strong>staus</strong></span> <span class='ocrx_word' id='word_1_409' title='bbox 420 3757 517 3836; x_wconf 87' lang='lat' dir='ltr'><strong>ratio,</strong></span> <span class='ocrx_word' id='word_1_410' title='bbox 538 3760 638 3838; x_wconf 87' lang='lat' dir='ltr'><strong>plena</strong></span> <span class='ocrx_word' id='word_1_411' title='bbox 658 3757 886 3821; x_wconf 85' lang='lat' dir='ltr'><strong>consensionis</strong></span> <span class='ocrx_word' id='word_1_412' title='bbox 907 3758 1068 3837; x_wconf 88' lang='lat' dir='ltr'><strong>omniurn,</strong></span> <span class='ocrx_word' id='word_1_413' title='bbox 1089 3759 1188 3837; x_wconf 88' lang='lat' dir='ltr'><strong>plena</strong></span> <span class='ocrx_word' id='word_1_414' title='bbox 1211 3754 1420 3819; x_wconf 88' lang='lat' dir='ltr'><strong>concordiae.</strong></span> <span class='ocrx_word' id='word_1_415' title='bbox 1462 3755 1618 3839; x_wconf 87' lang='lat' dir='ltr'><strong>Collegas</strong></span> <span class='ocrx_word' id='word_1_416' title='bbox 1638 3758 1808 3823; x_wconf 90' lang='lat' dir='ltr'><strong>adiutores</strong></span> <span class='ocrx_word' id='word_1_417' title='bbox 1828 3765 1992 3845; x_wconf 73' lang='lat' dir='ltr'><strong>babebat,</strong></span> <span class='ocrx_word' id='word_1_418' title='bbox 2021 3787 2103 3831; x_wconf 91' lang='lat' dir='ltr'><strong>con-</strong></span> 
     </span>
     <span class='ocr_line' id='line_1_34' title="bbox 303 3849 2103 3951; baseline 0.008 -30"><span class='ocrx_word' id='word_1_419' title='bbox 303 3862 384 3927; x_wconf 85' lang='lat' dir='ltr'><strong>sutis</strong></span> <span class='ocrx_word' id='word_1_420' title='bbox 405 3862 540 3928; x_wconf 88' lang='lat' dir='ltr'><strong>alterius</strong></span> <span class='ocrx_word' id='word_1_421' title='bbox 561 3883 724 3931; x_wconf 84' lang='lat' dir='ltr'><strong>summum</strong></span> <span class='ocrx_word' id='word_1_422' title='bbox 746 3863 913 3943; x_wconf 89' lang='lat' dir='ltr'><strong>studium,</strong></span> <span class='ocrx_word' id='word_1_423' title='bbox 933 3862 1067 3925; x_wconf 89' lang='lat' dir='ltr'><strong>alterius</strong></span> <span class='ocrx_word' id='word_1_424' title='bbox 1087 3862 1218 3924; x_wconf 90' lang='lat' dir='ltr'><strong>animus</strong></span> <span class='ocrx_word' id='word_1_425' title='bbox 1239 3881 1346 3941; x_wconf 85' lang='lat' dir='ltr'><strong>paene</strong></span> <span class='ocrx_word' id='word_1_426' title='bbox 1366 3849 1525 3940; x_wconf 83' lang='lat' dir='ltr'><strong>placatus.</strong></span> <span class='ocrx_word' id='word_1_427' title='bbox 1568 3863 1617 3925; x_wconf 85' lang='lat' dir='ltr'><strong>De</strong></span> <span class='ocrx_word' id='word_1_428' title='bbox 1636 3865 1843 3944; x_wconf 85' lang='lat' dir='ltr'><strong>praetoribus</strong></span> <span class='ocrx_word' id='word_1_429' title='bbox 1857 3881 1943 3932; x_wconf 88' lang='lat' dir='ltr'><strong>unus</strong></span> <span class='ocrx_word' id='word_1_430' title='bbox 1957 3873 2103 3951; x_wconf 56' lang='lat' dir='ltr'><strong>alienum</strong></span> 
     </span>
     <span class='ocr_line' id='line_1_35' title="bbox 303 3964 2098 4050; baseline 0.007 -21"><span class='ocrx_word' id='word_1_431' title='bbox 303 3980 436 4031; x_wconf 88' lang='lat' dir='ltr'><strong>senatus</strong></span> <span class='ocrx_word' id='word_1_432' title='bbox 462 3965 666 4031; x_wconf 86' lang='lat' dir='ltr'><strong>incredibilis</strong></span> <span class='ocrx_word' id='word_1_433' title='bbox 690 3969 864 4045; x_wconf 80' lang='lat' dir='ltr'><strong>voluntas,</strong></span> <span class='ocrx_word' id='word_1_434' title='bbox 894 3971 1044 4045; x_wconf 87' lang='lat' dir='ltr'><strong>equitum</strong></span> <span class='ocrx_word' id='word_1_435' title='bbox 1074 3969 1302 4028; x_wconf 81' lang='lat' dir='ltr'><strong>Romanorum</strong></span> <span class='ocrx_word' id='word_1_436' title='bbox 1331 3964 1433 4030; x_wconf 87' lang='lat' dir='ltr'><strong>animi</strong></span> <span class='ocrx_word' id='word_1_437' title='bbox 1461 3969 1505 4028; x_wconf 89' lang='lat' dir='ltr'><strong>ad</strong></span> <span class='ocrx_word' id='word_1_438' title='bbox 1533 3987 1665 4030; x_wconf 85' lang='lat' dir='ltr'><strong>causam</strong></span> <span class='ocrx_word' id='word_1_439' title='bbox 1685 3971 1835 4050; x_wconf 69' lang='lat' dir='ltr'><strong>excitand,</strong></span> <span class='ocrx_word' id='word_1_440' title='bbox 1864 3986 1971 4037; x_wconf 88' lang='lat' dir='ltr'><strong>erecta</strong></span> <span class='ocrx_word' id='word_1_441' title='bbox 1990 3975 2098 4047; x_wconf 86' lang='lat' dir='ltr'><strong>Italia.</strong></span> 
     </span>
     <span class='ocr_line' id='line_1_36' title="bbox 246 4068 2191 4162; baseline 0.008 -31"><span class='ocrx_word' id='word_1_442' title='bbox 246 4078 286 4141; x_wconf 78' lang='lat'><strong>35</strong></span> <span class='ocrx_word' id='word_1_443' title='bbox 307 4076 382 4134; x_wconf 90' lang='lat' dir='ltr'><strong>Duo</strong></span> <span class='ocrx_word' id='word_1_444' title='bbox 403 4072 467 4136; x_wconf 91' lang='lat' dir='ltr'><strong>soli</strong></span> <span class='ocrx_word' id='word_1_445' title='bbox 487 4083 580 4135; x_wconf 90' lang='lat' dir='ltr'><strong>erant</strong></span> <span class='ocrx_word' id='word_1_446' title='bbox 601 4072 704 4154; x_wconf 88' lang='lat' dir='ltr'><strong>empti</strong></span> <span class='ocrx_word' id='word_1_447' title='bbox 724 4075 769 4134; x_wconf 86' lang='lat' dir='ltr'><strong>nd</strong></span> <span class='ocrx_word' id='word_1_448' title='bbox 786 4071 1050 4152; x_wconf 67' lang='lat' dir='ltr'><strong>impediendum</strong></span> <span class='ocrx_word' id='word_1_449' title='bbox 1072 4071 1131 4151; x_wconf 92' lang='lat' dir='ltr'><strong>qui</strong></span> <span class='ocrx_word' id='word_1_450' title='bbox 1150 4071 1179 4132; x_wconf 92' lang='lat' dir='ltr'><strong>si</strong></span> <span class='ocrx_word' id='word_1_451' title='bbox 1198 4068 1351 4162; x_wconf 88' lang='lat' dir='ltr'><strong>homines</strong></span> <span class='ocrx_word' id='word_1_452' title='bbox 1372 4070 1518 4152; x_wconf 89' lang='lat' dir='ltr'><strong>despecti</strong></span> <span class='ocrx_word' id='word_1_453' title='bbox 1539 4082 1570 4134; x_wconf 88' lang='lat' dir='ltr'><strong>et</strong></span> <span class='ocrx_word' id='word_1_454' title='bbox 1589 4076 1769 4158; x_wconf 76' lang='lat' dir='ltr'><strong>contempti</strong></span> <span class='ocrx_word' id='word_1_455' title='bbox 1783 4087 1905 4140; x_wconf 89' lang='lat' dir='ltr'><strong>tantam</strong></span> <span class='ocrx_word' id='word_1_456' title='bbox 1921 4100 1990 4142; x_wconf 89' lang='lat' dir='ltr'><strong>rem</strong></span> <span class='ocrx_word' id='word_1_457' title='bbox 2004 4083 2104 4144; x_wconf 87' lang='lat' dir='ltr'><strong>susti·</strong></span> <span class='ocrx_word' id='word_1_458' title='bbox 2169 4118 2191 4139; x_wconf 42' lang='lat' dir='ltr'><strong>a</strong></span> 
     </span>
     <span class='ocr_line' id='line_1_37' title="bbox 305 4176 2103 4271; baseline 0.01 -37"><span class='ocrx_word' id='word_1_459' title='bbox 305 4197 384 4242; x_wconf 90' lang='lat' dir='ltr'><strong>nere</strong></span> <span class='ocrx_word' id='word_1_460' title='bbox 405 4199 475 4239; x_wconf 91' lang='lat' dir='ltr'><strong>non</strong></span> <span class='ocrx_word' id='word_1_461' title='bbox 488 4177 701 4259; x_wconf 84' lang='lat' dir='ltr'><strong>potuissent,</strong></span> <span class='ocrx_word' id='word_1_462' title='bbox 720 4197 757 4239; x_wconf 88' lang='lat' dir='ltr'><strong>sn</strong></span> <span class='ocrx_word' id='word_1_463' title='bbox 778 4195 930 4248; x_wconf 90' lang='lat' dir='ltr'><strong>causam,</strong></span> <span class='ocrx_word' id='word_1_464' title='bbox 952 4194 1052 4253; x_wconf 87' lang='lat' dir='ltr'><strong>quam</strong></span> <span class='ocrx_word' id='word_1_465' title='bbox 1072 4188 1285 4255; x_wconf 88' lang='lat' dir='ltr'><strong>susceperat,</strong></span> <span class='ocrx_word' id='word_1_466' title='bbox 1308 4176 1402 4236; x_wconf 89' lang='lat' dir='ltr'><strong>nullo</strong></span> <span class='ocrx_word' id='word_1_467' title='bbox 1423 4177 1539 4243; x_wconf 86' lang='lat' dir='ltr'><strong>labore</strong></span> <span class='ocrx_word' id='word_1_468' title='bbox 1560 4189 1772 4263; x_wconf 83' lang='lat' dir='ltr'><strong>peracturum</strong></span> <span class='ocrx_word' id='word_1_469' title='bbox 1793 4182 1937 4248; x_wconf 79' lang='lat' dir='ltr'><strong>ridebat.</strong></span> <span class='ocrx_word' id='word_1_470' title='bbox 1975 4188 2103 4271; x_wconf 82' lang='lat' dir='ltr'><strong>Agebat</strong></span> 
     </span>
    </p>
   </div>
   <div class='ocr_carea' id='block_1_13' title="bbox 373 4412 1131 4491">
    <p class='ocr_par' dir='ltr' id='par_1_13' title="bbox 373 4412 1131 4491">
     <span class='ocr_line' id='line_1_38' title="bbox 373 4412 1131 4491; baseline 0.001 -25"><span class='ocrx_word' id='word_1_471' title='bbox 373 4415 455 4467; x_wconf 73' lang='lat' dir='ltr'><strong>ERN.</strong></span> <span class='ocrx_word' id='word_1_472' title='bbox 492 4420 532 4469; x_wconf 93' lang='grc'><strong>11.</strong></span> <span class='ocrx_word' id='word_1_473' title='bbox 552 4420 657 4470; x_wconf 82' lang='lat' dir='ltr'><strong>ui&#39;neula</strong></span> <span class='ocrx_word' id='word_1_474' title='bbox 687 4417 728 4469; x_wconf 86' lang='lat'><strong>22.</strong></span> <span class='ocrx_word' id='word_1_475' title='bbox 746 4412 812 4490; x_wconf 72' lang='lat' dir='ltr'><strong>quisi</strong></span> <span class='ocrx_word' id='word_1_476' title='bbox 827 4436 868 4488; x_wconf 80' lang='lat' dir='ltr'><strong>op.</strong></span> <span class='ocrx_word' id='word_1_477' title='bbox 889 4421 926 4481; x_wconf 82' lang='lat' dir='ltr'><strong>(et</strong></span> <span class='ocrx_word' id='word_1_478' title='bbox 943 4419 1009 4491; x_wconf 82' lang='lat' dir='ltr'><strong>quid</strong></span> <span class='ocrx_word' id='word_1_479' title='bbox 1024 4437 1063 4488; x_wconf 79' lang='lat' dir='ltr'><strong>op.</strong></span> <span class='ocrx_word' id='word_1_480' title='bbox 1082 4415 1131 4482; x_wconf 81' lang='grc' dir='ltr'><strong>Α.)</strong></span> 
     </span>
    </p>
   </div>
   <div class='ocr_carea' id='block_1_14' title="bbox 375 4558 2163 4646">
    <p class='ocr_par' dir='ltr' id='par_1_14' title="bbox 375 4558 2163 4646">
     <span class='ocr_line' id='line_1_39' title="bbox 375 4558 2163 4646; baseline 0.005 -24"><span class='ocrx_word' id='word_1_481' title='bbox 375 4569 499 4632; x_wconf 76' lang='lat' dir='ltr'><strong>LECTI&#39;.</strong></span> <span class='ocrx_word' id='word_1_482' title='bbox 535 4570 613 4632; x_wconf 73' lang='lat' dir='ltr'><strong>abed.</strong></span> <span class='ocrx_word' id='word_1_483' title='bbox 650 4572 673 4632; x_wconf 88' lang='lat'><strong>2.</strong></span> <span class='ocrx_word' id='word_1_484' title='bbox 692 4591 764 4642; x_wconf 75' lang='lat' dir='ltr'><strong>reges</strong></span> <span class='ocrx_word' id='word_1_485' title='bbox 776 4575 920 4646; x_wconf 77' lang='lat' dir='ltr'><strong>appellaret</strong></span> <span class='ocrx_word' id='word_1_486' title='bbox 937 4593 1023 4634; x_wconf 83' lang='lat' dir='ltr'><strong>rerum</strong></span> <span class='ocrx_word' id='word_1_487' title='bbox 1039 4575 1190 4644; x_wconf 81' lang='lat' dir='ltr'><strong>capitalium</strong></span> <span class='ocrx_word' id='word_1_488' title='bbox 1202 4575 1404 4628; x_wconf 74' lang='lat' dir='ltr'><strong>condemnatos?</strong></span> <span class='ocrx_word' id='word_1_489' title='bbox 1418 4575 1670 4646; x_wconf 82' lang='lat' dir='ltr'><strong>prinoipemssola.</strong></span> <span class='ocrx_word' id='word_1_490' title='bbox 1696 4576 1722 4633; x_wconf 83' lang='grc'><strong>3.</strong></span> <span class='ocrx_word' id='word_1_491' title='bbox 1741 4579 1856 4630; x_wconf 68' lang='lat' dir='ltr'><strong>duceret</strong></span> <span class='ocrx_word' id='word_1_492' title='bbox 1870 4577 1965 4633; x_wconf 80' lang='lat' dir='ltr'><strong>dsola.</strong></span> <span class='ocrx_word' id='word_1_493' title='bbox 1993 4579 2017 4634; x_wconf 75' lang='lat'><strong>5.</strong></span> <span class='ocrx_word' id='word_1_494' title='bbox 2035 4600 2103 4634; x_wconf 77' lang='lat' dir='ltr'><strong>som·</strong></span> <span class='ocrx_word' id='word_1_495' title='bbox 2136 4558 2163 4573; x_wconf 42' lang='grc' dir='ltr'>ἢ</span> 
     </span>
    </p>
   </div>
   <div class='ocr_carea' id='block_1_15' title="bbox 301 4656 2190 4727">
    <p class='ocr_par' dir='ltr' id='par_1_15' title="bbox 301 4656 2190 4727">
     <span class='ocr_line' id='line_1_40' title="bbox 301 4656 2190 4727; baseline 0.005 -19"><span class='ocrx_word' id='word_1_496' title='bbox 301 4663 425 4727; x_wconf 70' lang='lat' dir='ltr'><strong>paravit.</strong></span> <span class='ocrx_word' id='word_1_497' title='bbox 450 4656 492 4709; x_wconf 84' lang='lat' dir='ltr'><strong>At</strong></span> <span class='ocrx_word' id='word_1_498' title='bbox 509 4675 566 4708; x_wconf 82' lang='lat' dir='ltr'><strong>enus</strong></span> <span class='ocrx_word' id='word_1_499' title='bbox 583 4658 679 4724; x_wconf 85' lang='lat' dir='ltr'><strong>sorum</strong></span> <span class='ocrx_word' id='word_1_500' title='bbox 704 4661 854 4727; x_wconf 80' lang='lat' dir='ltr'><strong>corporibus</strong></span> <span class='ocrx_word' id='word_1_501' title='bbox 877 4663 973 4709; x_wconf 81' lang='lat' dir='ltr'><strong>ciuiuus</strong></span> <span class='ocrx_word' id='word_1_502' title='bbox 998 4661 1045 4711; x_wconf 80' lang='lat' dir='ltr'><strong>Ro.</strong></span> <span class='ocrx_word' id='word_1_503' title='bbox 1070 4670 1133 4712; x_wconf 78' lang='lat' dir='ltr'><strong>esset</strong></span> <span class='ocrx_word' id='word_1_504' title='bbox 1157 4671 1316 4711; x_wconf 81' lang='lat' dir='ltr'><strong>constratam</strong></span> <span class='ocrx_word' id='word_1_505' title='bbox 1334 4680 1348 4712; x_wconf 85' lang='lat' dir='ltr'><strong>a</strong></span> <span class='ocrx_word' id='word_1_506' title='bbox 1365 4661 1433 4718; x_wconf 82' lang='lat' dir='ltr'><strong>sola,</strong></span> <span class='ocrx_word' id='word_1_507' title='bbox 1468 4659 1540 4711; x_wconf 88' lang='lat' dir='ltr'><strong>lbid.</strong></span> <span class='ocrx_word' id='word_1_508' title='bbox 1565 4673 1697 4713; x_wconf 81' lang='lat' dir='ltr'><strong>matarum</strong></span> <span class='ocrx_word' id='word_1_509' title='bbox 1719 4663 1780 4714; x_wconf 81' lang='lat' dir='ltr'><strong>dum</strong></span> <span class='ocrx_word' id='word_1_510' title='bbox 1805 4663 1906 4718; x_wconf 86' lang='lat' dir='ltr'><strong>dsula.</strong></span> <span class='ocrx_word' id='word_1_511' title='bbox 1942 4667 1968 4720; x_wconf 86' lang='lat'><strong>7.</strong></span> <span class='ocrx_word' id='word_1_512' title='bbox 1987 4669 2102 4720; x_wconf 73' lang='lat' dir='ltr'><strong>astraba·</strong></span> <span class='ocrx_word' id='word_1_513' title='bbox 2173 4706 2190 4717; x_wconf 92' lang='lat'><strong>..</strong></span> 
     </span>
    </p>
   </div>
   <div class='ocr_carea' id='block_1_16' title="bbox 302 4741 2099 5074">
    <p class='ocr_par' dir='ltr' id='par_1_16' title="bbox 302 4741 2099 5074">
     <span class='ocr_line' id='line_1_41' title="bbox 302 4741 2099 4813; baseline 0.005 -19"><span class='ocrx_word' id='word_1_514' title='bbox 302 4749 366 4795; x_wconf 84' lang='lat' dir='ltr'><strong>mirsi</strong></span> <span class='ocrx_word' id='word_1_515' title='bbox 383 4745 409 4795; x_wconf 91' lang='lat' dir='ltr'><strong>b.</strong></span> <span class='ocrx_word' id='word_1_516' title='bbox 429 4744 593 4796; x_wconf 81' lang='lat' dir='ltr'><strong>merebamini</strong></span> <span class='ocrx_word' id='word_1_517' title='bbox 609 4760 631 4792; x_wconf 88' lang='lat' dir='ltr'><strong>c.</strong></span> <span class='ocrx_word' id='word_1_518' title='bbox 645 4743 825 4793; x_wconf 81' lang='lat' dir='ltr'><strong>moerebomiai</strong></span> <span class='ocrx_word' id='word_1_519' title='bbox 836 4741 864 4795; x_wconf 86' lang='lat' dir='ltr'><strong>d.</strong></span> <span class='ocrx_word' id='word_1_520' title='bbox 883 4745 906 4795; x_wconf 91' lang='lat'><strong>8.</strong></span> <span class='ocrx_word' id='word_1_521' title='bbox 926 4757 1063 4813; x_wconf 83' lang='lat' dir='ltr'><strong>occupata:</strong></span> <span class='ocrx_word' id='word_1_522' title='bbox 1073 4745 1203 4812; x_wconf 78' lang='lat' dir='ltr'><strong>serebatis</strong></span> <span class='ocrx_word' id='word_1_523' title='bbox 1216 4745 1258 4798; x_wconf 88' lang='lat' dir='ltr'><strong>bc.</strong></span> <span class='ocrx_word' id='word_1_524' title='bbox 1272 4765 1325 4797; x_wconf 90' lang='lat' dir='ltr'><strong>aon</strong></span> <span class='ocrx_word' id='word_1_525' title='bbox 1340 4745 1367 4799; x_wconf 86' lang='lat' dir='ltr'><strong>d.</strong></span> <span class='ocrx_word' id='word_1_526' title='bbox 1387 4749 1428 4798; x_wconf 91' lang='grc'><strong>11.</strong></span> <span class='ocrx_word' id='word_1_527' title='bbox 1445 4744 1552 4795; x_wconf 72' lang='lat' dir='ltr'><strong>armeta</strong></span> <span class='ocrx_word' id='word_1_528' title='bbox 1568 4743 1633 4797; x_wconf 76' lang='lat' dir='ltr'><strong>bed.</strong></span> <span class='ocrx_word' id='word_1_529' title='bbox 1650 4747 1691 4800; x_wconf 89' lang='grc'><strong>12.</strong></span> <span class='ocrx_word' id='word_1_530' title='bbox 1710 4753 1782 4801; x_wconf 85' lang='lat' dir='ltr'><strong>missi</strong></span> <span class='ocrx_word' id='word_1_531' title='bbox 1799 4749 1862 4801; x_wconf 85' lang='lat' dir='ltr'><strong>bed.</strong></span> <span class='ocrx_word' id='word_1_532' title='bbox 1882 4751 1922 4804; x_wconf 80' lang='lat'><strong>15.</strong></span> <span class='ocrx_word' id='word_1_533' title='bbox 1933 4752 2038 4813; x_wconf 80' lang='lat' dir='ltr'><strong>diuina,</strong></span> <span class='ocrx_word' id='word_1_534' title='bbox 2050 4756 2099 4803; x_wconf 80' lang='lat' dir='ltr'><strong>ins.</strong></span> 
     </span>
     <span class='ocr_line' id='line_1_42' title="bbox 303 4826 2097 4902; baseline 0.007 -25"><span class='ocrx_word' id='word_1_535' title='bbox 303 4828 345 4878; x_wconf 90' lang='lat' dir='ltr'><strong>be.</strong></span> <span class='ocrx_word' id='word_1_536' title='bbox 364 4848 419 4880; x_wconf 91' lang='lat' dir='ltr'><strong>non</strong></span> <span class='ocrx_word' id='word_1_537' title='bbox 440 4828 465 4880; x_wconf 82' lang='lat' dir='ltr'><strong>d.</strong></span> <span class='ocrx_word' id='word_1_538' title='bbox 504 4831 544 4883; x_wconf 84' lang='lat'><strong>19.</strong></span> <span class='ocrx_word' id='word_1_539' title='bbox 563 4833 662 4879; x_wconf 78' lang='lat' dir='ltr'><strong>uirtute</strong></span> <span class='ocrx_word' id='word_1_540' title='bbox 681 4828 829 4898; x_wconf 74' lang='lat' dir='ltr'><strong>praeditum</strong></span> <span class='ocrx_word' id='word_1_541' title='bbox 852 4826 931 4881; x_wconf 86' lang='lat' dir='ltr'><strong>abed.</strong></span> <span class='ocrx_word' id='word_1_542' title='bbox 966 4829 1009 4880; x_wconf 84' lang='grc'><strong>22.</strong></span> <span class='ocrx_word' id='word_1_543' title='bbox 1027 4828 1094 4898; x_wconf 83' lang='lat' dir='ltr'><strong>qaid</strong></span> <span class='ocrx_word' id='word_1_544' title='bbox 1114 4848 1156 4898; x_wconf 81' lang='lat' dir='ltr'><strong>op.</strong></span> <span class='ocrx_word' id='word_1_545' title='bbox 1179 4829 1258 4882; x_wconf 87' lang='lat' dir='ltr'><strong>abed.</strong></span> <span class='ocrx_word' id='word_1_546' title='bbox 1295 4829 1368 4887; x_wconf 84' lang='lat' dir='ltr'><strong>ibid.</strong></span> <span class='ocrx_word' id='word_1_547' title='bbox 1393 4842 1510 4901; x_wconf 80' lang='lat' dir='ltr'><strong>oportent</strong></span> <span class='ocrx_word' id='word_1_548' title='bbox 1535 4847 1550 4880; x_wconf 84' lang='lat' dir='ltr'><strong>s</strong></span> <span class='ocrx_word' id='word_1_549' title='bbox 1575 4830 1641 4882; x_wconf 80' lang='lat' dir='ltr'><strong>sola.</strong></span> <span class='ocrx_word' id='word_1_550' title='bbox 1683 4831 1756 4885; x_wconf 84' lang='lat' dir='ltr'><strong>lbid.</strong></span> <span class='ocrx_word' id='word_1_551' title='bbox 1771 4840 2000 4902; x_wconf 79' lang='lat' dir='ltr'><strong>praestantissimis</strong></span> <span class='ocrx_word' id='word_1_552' title='bbox 2016 4835 2097 4889; x_wconf 84' lang='lat' dir='ltr'><strong>abed.</strong></span> 
     </span>
     <span class='ocr_line' id='line_1_43' title="bbox 303 4910 2099 4991; baseline 0.008 -30"><span class='ocrx_word' id='word_1_553' title='bbox 303 4910 344 4962; x_wconf 79' lang='grc'><strong>21.</strong></span> <span class='ocrx_word' id='word_1_554' title='bbox 362 4916 497 4965; x_wconf 79' lang='lat' dir='ltr'><strong>sceleribus</strong></span> <span class='ocrx_word' id='word_1_555' title='bbox 508 4932 547 4965; x_wconf 83' lang='lat' dir='ltr'><strong>ac.</strong></span> <span class='ocrx_word' id='word_1_556' title='bbox 564 4933 617 4965; x_wconf 92' lang='lat' dir='ltr'><strong>non</strong></span> <span class='ocrx_word' id='word_1_557' title='bbox 632 4910 681 4970; x_wconf 61' lang='lat' dir='ltr'><strong>bd&#39;.</strong></span> <span class='ocrx_word' id='word_1_558' title='bbox 717 4911 760 4965; x_wconf 78' lang='lat'><strong>26.</strong></span> <span class='ocrx_word' id='word_1_559' title='bbox 769 4913 955 4981; x_wconf 71' lang='lat' dir='ltr'><strong>firmitudinis:</strong></span> <span class='ocrx_word' id='word_1_560' title='bbox 979 4918 1073 4964; x_wconf 79' lang='lat' dir='ltr'><strong>sentire</strong></span> <span class='ocrx_word' id='word_1_561' title='bbox 1089 4915 1150 4966; x_wconf 85' lang='lat' dir='ltr'><strong>abe.</strong></span> <span class='ocrx_word' id='word_1_562' title='bbox 1165 4915 1263 4968; x_wconf 86' lang='lat' dir='ltr'><strong>nond.</strong></span> <span class='ocrx_word' id='word_1_563' title='bbox 1297 4916 1338 4968; x_wconf 83' lang='lat'><strong>27.</strong></span> <span class='ocrx_word' id='word_1_564' title='bbox 1352 4918 1434 4986; x_wconf 82' lang='lat' dir='ltr'><strong>plura</strong></span> <span class='ocrx_word' id='word_1_565' title='bbox 1457 4917 1516 4967; x_wconf 72' lang='lat' dir='ltr'><strong>dixi·</strong></span> <span class='ocrx_word' id='word_1_566' title='bbox 1531 4934 1547 4969; x_wconf 84' lang='lat' dir='ltr'><strong>s</strong></span> <span class='ocrx_word' id='word_1_567' title='bbox 1564 4917 1631 4970; x_wconf 84' lang='lat' dir='ltr'><strong>sols.</strong></span> <span class='ocrx_word' id='word_1_568' title='bbox 1666 4918 1709 4970; x_wconf 80' lang='lat'><strong>³⁰.</strong></span> <span class='ocrx_word' id='word_1_569' title='bbox 1725 4923 1927 4974; x_wconf 74' lang='lat' dir='ltr'><strong>existimaturos.</strong></span> <span class='ocrx_word' id='word_1_570' title='bbox 1963 4919 2099 4991; x_wconf 75' lang='lat' dir='ltr'><strong>Quoarods</strong></span> 
     </span>
     <span class='ocr_line' id='line_1_44' title="bbox 303 4995 2094 5074; baseline 0.006 -27"><span class='ocrx_word' id='word_1_571' title='bbox 303 5001 331 5048; x_wconf 84' lang='grc' dir='ltr'><strong>ιἰι</strong></span> <span class='ocrx_word' id='word_1_572' title='bbox 348 4995 397 5048; x_wconf 75' lang='lat' dir='ltr'><strong>isne</strong></span> <span class='ocrx_word' id='word_1_573' title='bbox 413 5017 505 5067; x_wconf 72' lang='lat' dir='ltr'><strong>gerarte</strong></span> <span class='ocrx_word' id='word_1_574' title='bbox 520 4996 566 5062; x_wconf 86' lang='lat'><strong>(§.</strong></span> <span class='ocrx_word' id='word_1_575' title='bbox 583 4999 645 5064; x_wconf 88' lang='grc'><strong>90.)</strong></span> <span class='ocrx_word' id='word_1_576' title='bbox 662 5018 685 5051; x_wconf 85' lang='lat' dir='ltr'><strong>s.</strong></span> <span class='ocrx_word' id='word_1_577' title='bbox 720 4997 761 5051; x_wconf 79' lang='grc'><strong>31.</strong></span> <span class='ocrx_word' id='word_1_578' title='bbox 780 4999 854 5066; x_wconf 70' lang='lat' dir='ltr'><strong>lirin.</strong></span> <span class='ocrx_word' id='word_1_579' title='bbox 872 5002 939 5052; x_wconf 84' lang='lat' dir='ltr'><strong>sieut</strong></span> <span class='ocrx_word' id='word_1_580' title='bbox 955 5000 1036 5048; x_wconf 80' lang='lat' dir='ltr'><strong>ciuem</strong></span> <span class='ocrx_word' id='word_1_581' title='bbox 1054 4995 1069 5029; x_wconf 62' lang='lat'><strong><em>³</em></strong></span> <span class='ocrx_word' id='word_1_582' title='bbox 1084 5003 1189 5068; x_wconf 78' lang='lat' dir='ltr'><strong>patritie</strong></span> <span class='ocrx_word' id='word_1_583' title='bbox 1205 5019 1355 5070; x_wconf 77' lang='lat' dir='ltr'><strong>recuperare</strong></span> <span class='ocrx_word' id='word_1_584' title='bbox 1371 5002 1436 5052; x_wconf 75' lang='lat' dir='ltr'><strong>velte</strong></span> <span class='ocrx_word' id='word_1_585' title='bbox 1453 5013 1477 5054; x_wconf 85' lang='lat' dir='ltr'><strong>tc</strong></span> <span class='ocrx_word' id='word_1_586' title='bbox 1492 5003 1557 5072; x_wconf 81' lang='lat' dir='ltr'><strong>Ilcp.</strong></span> <span class='ocrx_word' id='word_1_587' title='bbox 1575 5015 1630 5052; x_wconf 81' lang='lat' dir='ltr'><strong>tam</strong></span> <span class='ocrx_word' id='word_1_588' title='bbox 1646 5004 1757 5072; x_wconf 72' lang='lat' dir='ltr'><strong>simplas</strong></span> <span class='ocrx_word' id='word_1_589' title='bbox 1773 5003 1800 5058; x_wconf 88' lang='lat' dir='ltr'><strong>b.</strong></span> <span class='ocrx_word' id='word_1_590' title='bbox 1819 5005 1893 5074; x_wconf 59' lang='lat' dir='ltr'><strong>lieris.</strong></span> <span class='ocrx_word' id='word_1_591' title='bbox 1906 5009 1973 5055; x_wconf 82' lang='lat' dir='ltr'><strong>sieut</strong></span> <span class='ocrx_word' id='word_1_592' title='bbox 1985 5008 2066 5056; x_wconf 73' lang='lat' dir='ltr'><strong>ciuem</strong></span> <span class='ocrx_word' id='word_1_593' title='bbox 2078 5007 2094 5040; x_wconf 73' lang='lat'><strong>⁸¹</strong></span> 
     </span>
    </p>
   </div>
   <div class='ocr_carea' id='block_1_17' title="bbox 202 5083 2096 5162">
    <p class='ocr_par' dir='ltr' id='par_1_17' title="bbox 202 5083 2096 5162">
     <span class='ocr_line' id='line_1_45' title="bbox 202 5083 2096 5162; baseline 0.006 -31"><span class='ocrx_word' id='word_1_594' title='bbox 202 5127 204 5147; x_wconf 57' lang='lat'><strong>,</strong></span> <span class='ocrx_word' id='word_1_595' title='bbox 298 5086 403 5154; x_wconf 71' lang='lat' dir='ltr'><strong>petrina</strong></span> <span class='ocrx_word' id='word_1_596' title='bbox 419 5099 569 5150; x_wconf 77' lang='lat' dir='ltr'><strong>recuperare</strong></span> <span class='ocrx_word' id='word_1_597' title='bbox 587 5095 612 5134; x_wconf 83' lang='lat' dir='ltr'><strong>ta</strong></span> <span class='ocrx_word' id='word_1_598' title='bbox 628 5084 712 5144; x_wconf 78' lang='lat' dir='ltr'><strong>veile,</strong></span> <span class='ocrx_word' id='word_1_599' title='bbox 729 5096 754 5139; x_wconf 77' lang='lat' dir='ltr'><strong>ts</strong></span> <span class='ocrx_word' id='word_1_600' title='bbox 770 5084 857 5152; x_wconf 80' lang='lat' dir='ltr'><strong>Iismp.</strong></span> <span class='ocrx_word' id='word_1_601' title='bbox 875 5093 932 5134; x_wconf 79' lang='lat' dir='ltr'><strong>turra</strong></span> <span class='ocrx_word' id='word_1_602' title='bbox 949 5083 1058 5157; x_wconf 73' lang='lat' dir='ltr'><strong>simplex</strong></span> <span class='ocrx_word' id='word_1_603' title='bbox 1076 5100 1100 5134; x_wconf 83' lang='lat' dir='ltr'><strong>c.</strong></span> <span class='ocrx_word' id='word_1_604' title='bbox 1126 5083 1200 5154; x_wconf 80' lang='lat' dir='ltr'><strong>Iteip.</strong></span> <span class='ocrx_word' id='word_1_605' title='bbox 1217 5089 1285 5137; x_wconf 83' lang='lat' dir='ltr'><strong>siant</strong></span> <span class='ocrx_word' id='word_1_606' title='bbox 1300 5089 1381 5137; x_wconf 83' lang='lat' dir='ltr'><strong>eiuras</strong></span> <span class='ocrx_word' id='word_1_607' title='bbox 1395 5091 1500 5156; x_wconf 80' lang='lat' dir='ltr'><strong>patriae</strong></span> <span class='ocrx_word' id='word_1_608' title='bbox 1511 5103 1662 5157; x_wconf 71' lang='lat' dir='ltr'><strong>recuperare</strong></span> <span class='ocrx_word' id='word_1_609' title='bbox 1672 5087 1750 5139; x_wconf 73' lang='lat' dir='ltr'><strong>vellet</strong></span> <span class='ocrx_word' id='word_1_610' title='bbox 1761 5089 1833 5160; x_wconf 77' lang='lat' dir='ltr'><strong>lieip.</strong></span> <span class='ocrx_word' id='word_1_611' title='bbox 1851 5089 1932 5141; x_wconf 68' lang='lat' dir='ltr'><strong>’tum</strong></span> <span class='ocrx_word' id='word_1_612' title='bbox 1943 5093 2054 5162; x_wconf 79' lang='lat' dir='ltr'><strong>sirrsplss</strong></span> <span class='ocrx_word' id='word_1_613' title='bbox 2065 5090 2096 5149; x_wconf 73' lang='grc' dir='ltr'><strong>δ.</strong></span> 
     </span>
    </p>
   </div>
   <div class='ocr_carea' id='block_1_18' title="bbox 369 5222 1774 5319">
    <p class='ocr_par' dir='ltr' id='par_1_18' title="bbox 369 5222 1774 5319">
     <span class='ocr_line' id='line_1_46' title="bbox 369 5222 1774 5319; baseline 0.008 -34"><span class='ocrx_word' id='word_1_614' title='bbox 369 5222 497 5303; x_wconf 57' lang='grc' dir='ltr'><strong>ιΕΟΓΓ.</strong></span> <span class='ocrx_word' id='word_1_615' title='bbox 516 5235 609 5293; x_wconf 63' lang='lat' dir='ltr'><strong>bibli.</strong></span> <span class='ocrx_word' id='word_1_616' title='bbox 647 5237 672 5290; x_wconf 82' lang='grc'><strong>7.</strong></span> <span class='ocrx_word' id='word_1_617' title='bbox 688 5238 876 5304; x_wconf 68' lang='lat' dir='ltr'><strong>miserebnmirsi</strong></span> <span class='ocrx_word' id='word_1_618' title='bbox 892 5233 1012 5319; x_wconf 70' lang='lat' dir='ltr'><strong>iladvig.</strong></span> <span class='ocrx_word' id='word_1_619' title='bbox 1049 5235 1272 5308; x_wconf 66' lang='lat' dir='ltr'><strong>Praeponendane</strong></span> <span class='ocrx_word' id='word_1_620' title='bbox 1291 5251 1359 5297; x_wconf 75' lang='lat' dir='ltr'><strong>esset</strong></span> <span class='ocrx_word' id='word_1_621' title='bbox 1377 5251 1427 5303; x_wconf 71' lang='lat' dir='ltr'><strong>mss·</strong></span> <span class='ocrx_word' id='word_1_622' title='bbox 1443 5242 1633 5315; x_wconf 73' lang='lat' dir='ltr'><strong>absorptus-a</strong></span> <span class='ocrx_word' id='word_1_623' title='bbox 1651 5243 1713 5315; x_wconf 71' lang='lat' dir='ltr'><strong>syll.</strong></span> <span class='ocrx_word' id='word_1_624' title='bbox 1731 5251 1774 5312; x_wconf 60' lang='lat' dir='ltr'><strong>mi.</strong></span> 
     </span>
    </p>
   </div>
   <div class='ocr_carea' id='block_1_19' title="bbox 0 0 2374 6068">
    <p class='ocr_par' dir='ltr' id='par_1_19' title="bbox 0 0 2374 6068">
     <span class='ocr_line' id='line_1_47' title="bbox 0 0 2374 6068; baseline 0 7"><span class='ocrx_word' id='word_1_625' title='bbox 0 0 2374 6068; x_wconf 95' lang='lat' dir='ltr'><strong> </strong></span> 
     </span>
    </p>
   </div>
  </div>
 </body>
</html>
