4740 6068
314 372 364 447 38

311 573 557 647 praeponerent
575 559 836 644 sempiternum,
863 562 1092 647 deligerentur
1111 571 1223 625 autem
1244 562 1333 626 inid
1353 560 1531 627 consilium
1551 563 1593 625 ab
1613 562 1771 627 universo
1792 564 1922 646 populo
1941 561 2121 643 aditusque

311 670 347 732 in
368 670 465 732 illum
486 690 654 731 summum
675 668 828 730 ordinem
850 668 1001 730 omnium
1022 668 1146 731 civium
1167 669 1349 732 industriae
1370 690 1407 732 ac
1427 669 1541 732 virtuti
1555 681 1691 751 pateret.
1732 672 1887 733 Senatum
1903 670 1951 732 rei
1965 667 2118 750 publicae

314 779 487 839 custodem
509 775 696 857 praesidem
724 785 1010 859 propugnatorem
1036 778 1303 839 collocaverunt:
1330 776 1431 837 huius
1457 776 1584 838 ordinis
1611 778 1805 840 auctoritate
1833 779 1880 840 uti
1906 776 2116 860 magistratus

311 894 342 947 et
363 883 460 963 quasi
481 882 649 945 ministros
670 882 870 965 gravissumi
890 882 1009 943 consili
1031 903 1101 945 csse
1121 885 1319 946 voluerunt:
1339 895 1492 947 senatum
1511 899 1621 947 autern
1642 884 1754 967 ipsum
1775 885 2008 966 proximorum
2029 880 2120 943 ordi·

270 1000 291 1063 5
312 1011 393 1051 rrum
413 991 593 1071 splendore
616 989 827 1071 confirmari,
847 988 955 1071 plebis
976 989 1162 1051 libertatem
1182 1002 1213 1051 et
1237 994 1416 1054 commoda
1435 991 1521 1054 tueri
1541 1004 1640 1071 atquc
1663 1013 1785 1075 augere
1805 994 1995 1053 voluerunt.

388 1097 506 1159 LXVI.
551 1106 619 1163 138·
640 1104 732 1161 Haec
753 1096 813 1177 qui
832 1116 895 1178 pro
917 1094 1003 1157 virili
1024 1109 1120 1178 parte
1142 1096 1342 1179 detendunt,
1365 1109 1551 1180 optumates
1571 1110 1661 1178 sunt,
1684 1098 1911 1177 cuiuscunque
1931 1107 2009 1160 suut
2029 1096 2119 1159 ordi·

307 1202 380 1281 uis,
400 1202 459 1281 qui
480 1212 590 1264 autern
611 1202 788 1284 praecipue
808 1203 877 1266 suis
898 1202 1081 1265 cervicibus
1103 1212 1192 1265 tanta
1213 1204 1328 1265 munia
1348 1217 1446 1284 atque
1465 1227 1535 1267 rem
1559 1204 1728 1286 publicam
1746 1205 1927 1284 sustinent,
1947 1205 1973 1266 ii
1986 1224 2118 1285 semper

307 1308 414 1371 hahiti
431 1320 511 1371 sunt
531 1310 747 1392 optumatium
768 1310 953 1392 principes,
980 1323 1130 1373 auctores
1159 1320 1190 1372 et
1218 1323 1468 1374 conservatores
1497 1313 1648 1376 civitatis.
1690 1312 1776 1374 Huic
1803 1309 1978 1373 hominum
2002 1309 2120 1393 generi

307 1416 432 1498 fateor,
454 1426 491 1477 ut
510 1429 586 1479 aute
607 1417 695 1497 dixi,
714 1418 838 1479 multos
859 1415 1066 1479 adversarios
1087 1415 1241 1481 inimicos
1261 1418 1395 1481 invidos
1416 1438 1505 1499 esse,
1528 1423 1632 1482 multa
1646 1420 1794 1503 proponi
1812 1418 1975 1501 pericula,
1996 1418 2118 1479 multas

252 1524 292 1587 10
311 1524 427 1585 inser-ri
451 1522 608 1605 iniurias,
638 1544 778 1608 magnos
804 1542 876 1586 csse
905 1523 1127 1605 experiundos
1155 1536 1186 1587 et
1215 1526 1409 1588 subeundos
1438 1527 1588 1588 labores:
1618 1538 1666 1589 set
1692 1526 1776 1588 mihi
1804 1525 1912 1587 omnis
1940 1524 2045 1587 oratio
2068 1536 2120 1586 est

307 1650 384 1691 curu
404 1632 541 1711 virtute,
568 1650 638 1692 uon
658 1653 734 1693 cum
758 1629 904 1711 desidia,
930 1651 1006 1693 cum
1028 1631 1206 1717 dignitate,
1233 1653 1304 1694 non
1325 1654 1400 1694 curn
1427 1634 1617 1715 voluptatc3
1648 1654 1722 1696 curn
1743 1634 1800 1713 iis,
1833 1632 1891 1714 qui
1914 1653 1949 1694 sc
1971 1629 2116 1715 patriae,

308 1735 456 1815 quisuis
478 1736 621 1817 civibus,
642 1735 702 1817 qui
721 1736 827 1818 laudi,
849 1739 908 1819 qui
926 1738 1072 1824 gloriae,
1094 1760 1163 1802 uon
1184 1741 1243 1821 qui
1263 1760 1384 1803 somno
1406 1749 1438 1801 et
1458 1739 1619 1802 conviviis
1637 1752 1669 1803 et
1684 1740 1896 1802 delectationi
1915 1751 2011 1801 natos
2031 1737 2120 1800 arbi-

308 1852 446 1905 trantur.
489 1844 588 1923 Nam,
609 1844 637 1906 si
659 1843 718 1923 (qui
737 1844 966 1927 voluptatibus
988 1848 1156 1908 ducuntur
1176 1856 1208 1910 ct
1227 1868 1264 1910 se
1283 1846 1443 1910 vitiorum
1465 1845 1628 1909 illecebris
1649 1858 1681 1910 et
1703 1846 1920 1930 cupiditatum
1943 1843 2117 1907 lenociniis

307 1949 526 2032 dediderunt,
554 1950 674 2013 missos
701 1952 824 2014 saciant
851 1954 1011 2030 honores;
1042 1973 1084 2015 ne
1111 1954 1273 2039 attingant
1296 1974 1369 2017 rem
1396 1953 1587 2035 publicam:
1615 1954 1783 2035 patiantur
1808 1954 1957 2015 virorum
1979 1951 2117 2014 sortium

250 2059 289 2123 15
310 2057 425 2119 labore
453 2079 488 2121 se
522 2059 591 2121 otio
619 2080 682 2120 suo
710 2059 849 2142 perfrui.
894 2060 1048 2143 139.Qui
1072 2072 1183 2123 autem
1208 2062 1334 2121 bonam
1361 2060 1482 2117 samam
1503 2061 1690 2130 bonorum,
1716 2078 1802 2132 quac
1822 2059 1894 2114 sola
1912 2076 1990 2113 vere
2010 2050 2118 2135 gloria

309 2164 475 2226 uomiuari
495 2176 619 2248 potest,
642 2177 814 2247 expetunt,
835 2167 909 2228 aliis
930 2166 1036 2228 otium
1059 2184 1216 2239 quaerere
1237 2164 1359 2219 debent
1380 2169 1412 2219 et
1432 2161 1635 2240 voluptates,
1656 2156 1821 2222 nonsibi.
1861 2159 2054 2219 Sudandum
2068 2164 2118 2218 est

306 2268 347 2329 iis
367 2290 430 2349 pro
454 2272 688 2330 communibus
718 2272 925 2343 commodis,
950 2266 1123 2326 adeundae
1150 2263 1361 2345 inimicitiae,
1388 2266 1583 2327 subeundae
1610 2284 1710 2345 saepe
1737 2282 1801 2345 pro
1822 2261 2013 2344 republica
2036 2270 2118 2322 tem·

306 2384 469 2455 pestatcs:
491 2393 568 2433 cum
588 2371 701 2433 multis
722 2370 921 2450 audacibus,
942 2370 1128 2453 improbis,
1148 2390 1392 2451 nonnunquam
1414 2370 1511 2434 etiarn
1532 2372 1725 2453 potentibus
1746 2370 1984 2435 dimicandum.
2026 2372 2119 2431 Haec

307 2478 496 2540 audivimus
517 2480 559 2540 dc
580 2478 852 2541 clarissumorum
872 2475 1022 2538 virorum
1045 2478 1193 2541 consiliis
1207 2488 1239 2541 et
1258 2477 1367 2541 factis:
1389 2480 1471 2539 hacc
1488 2479 1691 2560 accepimus,
1711 2479 1793 2539 hacc
1806 2476 1957 2560 legimus.
2001 2476 2119 2554 Neque

249 2592 291 2655 90
311 2605 368 2648 eos
389 2587 423 2647 iu
446 2588 545 2647 laude
573 2585 701 2668 positos
719 2583 889 2659 videmus,
918 2584 976 2663 qui
1000 2583 1179 2646 incitarunt
1205 2584 1385 2662 aliquando
1407 2584 1528 2665 populi
1548 2584 1678 2648 animos
1699 2586 1743 2647 ad
1762 2583 1961 2646 seditionem
1980 2591 2038 2643 aut
2058 2580 2117 2660 qui

308 2692 485 2776 largitione
505 2701 680 2755 caecarunt
707 2691 827 2752 mentis
853 2688 1085 2771 imperitorum
1112 2699 1169 2751 aut
1195 2689 1254 2768 qui
1283 2688 1378 2751 fortis
1411 2700 1443 2750 et
1463 2692 1570 2751 claros
1592 2692 1682 2753 viros
1705 2703 1736 2752 et
1757 2692 1842 2751 benc
1863 2692 1906 2752 de
1926 2712 1962 2751 rc
1981 2688 2118 2772 publiea

307 2799 444 2863 meritos
463 2800 500 2861 in
519 2799 679 2861 invidiam
700 2798 846 2877 aliquam
867 2806 1079 2862 vocaverunt.
1121 2794 1218 2857 Levis
1238 2797 1302 2858 hos
1322 2814 1454 2876 semper
1473 2793 1580 2857 nostri
1599 2795 1752 2856 homiues
1767 2806 1797 2856 et
1813 2796 1948 2857 audacis
1962 2806 1994 2856 et
2008 2797 2115 2857 malos

307 2918 340 2969 et
370 2907 577 2989 perniciosos
608 2904 688 2965 civis
719 2914 930 2985 putaverunt.
971 2907 1012 2965 At
1033 2923 1113 2965 vero
1142 2902 1200 2982 qui
1229 2905 1354 2965 horum
1380 2902 1524 2985 impetus
1552 2912 1585 2965 et
1615 2913 1754 2965 conatus
1783 2914 2029 2985 represserunt,
2056 2902 2116 2982 qui

309 3013 522 3093 auctoritate,
550 3011 609 3091 qui
639 3011 724 3093 fide,
756 3010 815 3090 qui
841 3009 1039 3093 constantia,
1068 3010 1126 3090 qui
1152 3008 1382 3093 magnitudine
1409 3009 1512 3072 enimi
1543 3010 1689 3072 consiliis
1710 3010 1886 3071 audacium
1909 3008 2116 3089 restiterunt,

250 3126 290 3189 ‘25
310 3119 334 3180 ii
354 3140 487 3204 graves,
514 3118 539 3180 ii
558 3118 743 3201 principes,
774 3119 799 3180 ii
819 3120 939 3190 duces,
966 3117 991 3178 ii
1011 3128 1162 3179 auctores
1180 3114 1281 3177 huius
1303 3114 1472 3199 diguitatis
1494 3128 1593 3196 atquc
1613 3115 1733 3198 imperi
1753 3136 1886 3197 semper
1904 3114 2011 3176 habiti
2027 3126 2116 3181 sunt.

388 3228 523 3288 LXVll.
568 3248 636 3305 mo.
659 3230 720 3305 ilc,
747 3247 790 3287 uc
817 3224 891 3304 quis
919 3245 960 3286 ex
989 3237 1104 3287 nostro
1132 3234 1189 3287 aut
1215 3223 1406 3304 aliquorum
1431 3233 1603 3307 practerea
1623 3244 1700 3285 casu
1721 3226 1807 3284 hanc
1827 3221 1914 3283 vitac
1934 3221 2022 3282 viam
2042 3242 2118 3303 per-

310 3334 477 3412 timescat,
507 3354 592 3393 uuus
614 3332 649 3393 iu
670 3335 732 3393 hac
752 3331 900 3411 civitate,
928 3354 1029 3411 quem
1052 3332 1189 3412 quidem
1210 3351 1274 3417 ego
1294 3330 1421 3414 possim
1445 3330 1574 3405 dicere,
1601 3332 1770 3411 praeclare
1791 3330 1844 3391 vir
1863 3333 1905 3392 ele
1925 3349 1961 3390 re
1982 3327 2117 3410 publica

309 3441 460 3517 meritus,
483 3442 520 3501 L.
540 3437 711 3519 Opimius,
734 3437 977 3521 indignissume
998 3438 1163 3503 concidit:
1185 3440 1279 3502 cuius
1295 3449 1550 3500 monumentum
1565 3438 1828 3500 celeberrumum
1843 3438 1878 3500 iu
1893 3438 1988 3511 loro,
2007 3439 2118 3518 sepul-

309 3549 424 3605 chrum
447 3544 717 3606 desertissuruum
740 3544 774 3604 in
795 3545 906 3607 littore
927 3545 1163 3627 Dyrrhachiuo
1184 3546 1335 3607 relictum
1358 3555 1418 3607 est.
1458 3548 1566 3625 Atque
1593 3546 1684 3606 hunc
1711 3558 1821 3607 tamen
1848 3548 2042 3628 flagrantem
2064 3542 2118 3604 irr-

249 3650 291 3711 30
311 3650 399 3711 vidia
419 3662 558 3733 propter
576 3650 739 3714 interitum
763 3654 796 3714 0.
816 3652 957 3713 Gracchi
977 3674 1110 3734 semper
1128 3651 1200 3734 ipse
1219 3653 1366 3733 populus
1381 3654 1553 3712 Romanus
1574 3651 1725 3731 periculo
1748 3650 1915 3712 liberavit:
1937 3646 2002 3711 alia
2016 3669 2119 3729 quae·

308 3758 385 3819 dam
406 3757 511 3820 civem
536 3758 703 3841 egregium
721 3758 829 3838 iniqui
850 3757 953 3820 iudici
973 3761 1122 3841 procella
1139 3759 1308 3841 pervertit.
1350 3757 1458 3820 Ceteri
1477 3776 1557 3820 vero
1584 3766 1641 3819 aut
1664 3756 1838 3839 repentina
1858 3757 1893 3817 vi
1912 3755 2058 3838 perculsi
2077 3776 2116 3816 ae

308 3876 501 3947 tempestate
521 3865 677 3947 populari
702 3887 763 3947 per
782 3867 948 3947 populum
969 3879 1080 3927 tamen
1100 3866 1211 3948 ipsum
1233 3865 1369 3927 recreati
1390 3876 1467 3927 sunt
1486 3874 1587 3944 atque
1604 3862 1752 3927 revocati
1771 3876 1828 3926 aut
1852 3864 1991 3926 omniuo
2006 3863 2116 3925 invol-

309 3972 413 4033 ucrati
439 3972 657 4051 inviolatique
686 3972 849 4034 vixerunt.
891 3975 931 4033 At
960 3991 1037 4035 vcro
1063 3971 1102 4054 ii,
1132 3972 1191 4053 qui
1218 3984 1350 4034 senatus
1377 3970 1573 4052 consilium,
1602 3970 1662 4050 qui
1681 3970 1910 4033 auctoritatem
1931 3973 2119 4045 bonorum,

309 4079 366 4158 qui
385 4080 533 4142 instituta
556 4080 719 4141 maiorum
742 4081 960 4164 neglexerunt
985 4090 1017 4141 ct
1042 4078 1217 4162 imperitae
1242 4089 1298 4142 aut
1326 4078 1507 4142 concitatae
1529 4076 1735 4141 multitudini
1755 4076 1892 4140 iucundi
1912 4095 1983 4136 csse
2000 4074 2117 4134 volue-

250 4186 291 4249 35
312 4198 403 4267 ruut,
434 4208 549 4249 omnes
580 4187 648 4249 sere
680 4187 728 4248 rei
757 4187 913 4269 publicae
941 4206 1069 4267 poenas
1100 4198 1156 4250 aut
1184 4185 1348 4268 praesenti
1377 4200 1485 4249 morte
1514 4195 1572 4247 aut
1601 4186 1691 4268 turpi
1722 4184 1838 4247 exsilio
1870 4182 2113 4260 dependerunt.

313 4299 380 4356 131.
394 4297 493 4377 Quod
506 4295 534 4355 si
547 4296 637 4377 apud
650 4291 872 4373 Atheniensis,
887 4292 1040 4355 homines
1050 4292 1211 4375 Graecos,
1224 4293 1326 4378 louge
1336 4314 1355 4357 a
1366 4302 1557 4355 nostrorum
1571 4290 1746 4357 homiuum
1759 4286 1919 4374 gravitate
1932 4286 2115 4349 disiunctos

380 4542 462 4598 tihN.
499 4546 523 4597 2.
543 4547 627 4599 Abest
639 4553 762 4605 omniurn,
787 4548 810 4599 6.
828 4566 1003 4619 cuiuscunque
1014 4552 1067 4598 sint
1087 4547 1128 4600 11.
1142 4550 1281 4618 patientur
1298 4551 1366 4599 viror
1375 4548 1465 4618 sortes
1477 4548 1579 4607 labore,
1597 4565 1624 4596 re
1641 4550 1693 4596 otio
1711 4562 1758 4595 suo
1768 4545 1874 4614 perfrui
1890 4542 1932 4596 17.
1952 4544 1993 4593 hir
2011 4544 2056 4605 (iis
2067 4542 2115 4608 A.)

311 4633 353 4688 25.
374 4634 451 4686 liuius
469 4635 568 4685 ordinis
585 4647 609 4684 et
627 4636 765 4705 dignitatis

381 4772 507 4827 tAEC'r‘r.
543 4773 621 4831 abed.
657 4776 683 4829 2.
702 4777 1103 4829 industrieaevirtutcae.non
1115 4774 1163 4826 bd.
1199 4775 1223 4827 3,
1243 4781 1284 4826 uti
1298 4769 1560 4829 auctoritataasola.
1587 4769 1614 4821 6.
1631 4773 1684 4821 sint
1700 4769 1780 4823 abed.
1810 4768 1837 4822 7.
1855 4775 2000 4822 sustineant
2016 4768 2115 4828 duola.

311 4864 334 4915 8.
354 4868 509 4932 optimatum
527 4881 551 4915 a.
587 4864 660 4915 2111
684 4875 744 4913 ente
766 4863 825 4913 dixi
846 4881 899 4915 om.
919 4882 943 4916 a.
979 4862 1021 4913 10.
1041 4864 1136 4933 inferri
1158 4862 1266 4912 insidias
1292 4860 1310 4912 d
1332 4861 1398 4912 sola.
1435 4861 1476 4911 11.
1494 4876 1552 4911 cum
1570 4856 1611 4908 liis
1629 4855 1648 4907 d
1665 4858 1732 4910 sola.
1769 4858 1812 4911 tt.
1830 4877 1875 4908 nec
1899 4864 2035 4930 attingant
2052 4857 2112 4909 aba.

311 4968 366 5001 nun
386 4950 413 5000 d.
449 4948 521 5002 lbid.
538 4954 677 5019 patiuntur
692 4956 764 5002 viror
783 4951 903 5003 laborem
917 4954 1044 5020 potientes
1051 4949 1119 5017 frui
1135 4966 1160 5000 a.
1175 4954 1315 5017 patiantur
1331 4953 1449 5000 virorum
1457 4948 1577 5017 sortium
1594 4947 1682 4998 hilm
1701 4964 1726 4995 sc
1744 4950 1797 4996 otio
1813 4948 1919 5015 perfrui
1932 4947 1961 5000 b.
1974 4948 2114 5015 patiantur

312 5042 381 5088 viros
395 5039 484 5106 sortes
509 5040 612 5100 labore,
637 5058 664 5089 se
688 5044 741 5089 otio
767 5058 814 5090 suo
836 5040 943 5109 perfrui
966 5034 993 5086 d.
1013 5032 1053 5085 Ut
1073 5051 1138 5095 nos,
1165 5052 1188 5086 e.
1225 5033 1268 5089 15.
1285 5053 1345 5087 vera
1360 5037 1417 5086 solu
1435 5053 1450 5085 a
1468 5033 1538 5089 sola.
1574 5032 1616 5085 17.
1635 5029 1769 5083 biaabcd.
1807 5032 1848 5083 19.
1868 5034 1988 5083 audimus
2007 5028 2026 5080 d
2043 5030 2113 5085 sola.

311 5126 354 5177 2⁸2.
372 5128 455 5175 nostri
471 5124 584 5175 hornr'nes
602 5144 655 5177 orn.
672 5144 712 5178 ac.
732 5144 786 5177 nou
804 5126 850 5180 bd.
886 5124 929 5178 23.
947 5136 972 5174 et
988 5132 1095 5172 conatur
1113 5138 1165 5173 om.
1184 5138 1208 5172 a.
1243 5120 1284 5173 25.
1304 5120 1335 5172 hi
1351 5122 1438 5181 duces,
1459 5119 1488 5170 ln·
1504 5139 1528 5172 α.
1547 5138 1562 5169 e
1578 5120 1646 5173 solu.
1683 5116 1756 5170 lhid.
1775 5117 1853 5168 huius
1871 5117 1971 5167 ordinis
1987 5117 2115 5188 etdigni-

312 5218 373 5261 tutis
392 5211 450 5266 abe.
469 5230 524 5261 non
543 5209 571 5264 d.
607 5210 682 5265 ibid.
700 5212 785 5263 babiti
800 5226 879 5263 suut:
896 5223 921 5262 et
938 5214 962 5260 si
978 5228 1044 5282 quos
1060 5230 1149 5263 eorum
1167 5220 1214 5260 aut
1231 5212 1318 5281 iniqui
1335 5209 1426 5259 iudicii
1443 5209 1571 5281 quaedam
1586 5206 1704 5274 procelle
1718 5208 1846 5275 perr-ertit
1861 5214 1908 5253 aut
1920 5202 2012 5275 eliqua
2024 5221 2115 5273 repen·

312 5298 369 5349 tina
387 5304 426 5349 vis
443 5318 473 5349 oe
490 5310 623 5367 tempestas
645 5302 758 5369 perculit
780 5301 919 5371 popularis
936 5316 962 5349 a.
999 5296 1042 5348 26.
1061 5302 1089 5346 in
1106 5295 1155 5346 liae
1178 5300 1231 5347 vita
1248 5313 1264 5347 e
1281 5294 1347 5351 sola.
1385 5293 1425 5349 27.
1441 5312 1548 5365 'rossum
1566 5290 1585 5345 d
1601 5293 1667 5345 sola.
1705 5289 1777 5343 ibid.
1793 5290 1929 5361 praeclare
1943 5290 1975 5341 da
1993 5288 2024 5340 lt
2039 5288 2073 5340 Ρ.
2087 5287 2113 5341 lr.

311 5402 367 5436 uon
385 5382 431 5439 ed.
464 5386 505 5439 29.
514 5388 654 5458 flagrante
672 5385 714 5438 be.
732 5404 788 5437 non
808 5386 837 5441 d.
871 5384 914 5439 3⁵.
931 5402 985 5436 erre
1008 5383 1102 5435 volant
1119 5401 1134 5435 c
1151 5380 1220 5437 sola.
