<?xml version="1.0" encoding="UTF-8"?>
<!DOCTYPE html PUBLIC "-//W3C//DTD XHTML 1.0 Transitional//EN"
    "http://www.w3.org/TR/xhtml1/DTD/xhtml1-transitional.dtd">
<html xmlns="http://www.w3.org/1999/xhtml" xml:lang="en" lang="en">
 <head>
  <title>
</title>
<meta http-equiv="Content-Type" content="text/html;charset=utf-8" />
  <meta name='ocr-system' content='tesseract 3.04.00' />
  <meta name='ocr-capabilities' content='ocr_page ocr_carea ocr_par ocr_line ocrx_word'/>
</head>
<body>
  <div class='ocr_page' id='page_1' title='image "./propsestioorati00orelgoog_0025.png"; bbox 0 0 4740 6068; ppageno 0'>
   <div class='ocr_carea' id='block_1_1' title="bbox 318 391 344 465">
    <p class='ocr_par' dir='ltr' id='par_1_1' title="bbox 318 391 344 465">
     <span class='ocr_line' id='line_1_1' title="bbox 318 391 344 465; baseline 0 0"><span class='ocrx_word' id='word_1_1' title='bbox 318 391 344 465; x_wconf 85' lang='grc'>8</span> 
     </span>
    </p>
   </div>
   <div class='ocr_carea' id='block_1_2' title="bbox 261 566 2127 2013">
    <p class='ocr_par' dir='ltr' id='par_1_2' title="bbox 261 566 2127 2013">
     <span class='ocr_line' id='line_1_2' title="bbox 326 566 2124 654; baseline -0.002 -17"><span class='ocrx_word' id='word_1_2' title='bbox 326 577 419 638; x_wconf 83' lang='lat' dir='ltr'><strong>Urbe</strong></span> <span class='ocrx_word' id='word_1_3' title='bbox 433 581 616 651; x_wconf 87' lang='lat' dir='ltr'>cunctaque</span> <span class='ocrx_word' id='word_1_4' title='bbox 629 569 723 634; x_wconf 87' lang='lat' dir='ltr'>Italia</span> <span class='ocrx_word' id='word_1_5' title='bbox 742 566 968 652; x_wconf 82' lang='lat' dir='ltr'>convenisset,</span> <span class='ocrx_word' id='word_1_6' title='bbox 985 577 1108 634; x_wconf 80' lang='lat' dir='ltr'>restent</span> <span class='ocrx_word' id='word_1_7' title='bbox 1131 571 1323 633; x_wconf 84' lang='lat' dir='ltr'>mutandam</span> <span class='ocrx_word' id='word_1_8' title='bbox 1342 588 1458 635; x_wconf 90' lang='lat' dir='ltr'>omnes</span> <span class='ocrx_word' id='word_1_9' title='bbox 1473 589 1593 652; x_wconf 90' lang='lat' dir='ltr'>meque</span> <span class='ocrx_word' id='word_1_10' title='bbox 1606 570 1704 634; x_wconf 87' lang='lat' dir='ltr'>etiam</span> <span class='ocrx_word' id='word_1_11' title='bbox 1720 571 1811 634; x_wconf 92' lang='lat' dir='ltr'>omui</span> <span class='ocrx_word' id='word_1_12' title='bbox 1825 570 1970 646; x_wconf 87' lang='lat' dir='ltr'>ratione,</span> <span class='ocrx_word' id='word_1_13' title='bbox 1990 571 2124 654; x_wconf 82' lang='lat' dir='ltr'>privato</span> 
     </span>
     <span class='ocr_line' id='line_1_3' title="bbox 321 673 2123 758; baseline -0.002 -16"><span class='ocrx_word' id='word_1_14' title='bbox 321 679 462 742; x_wconf 91' lang='lat' dir='ltr'>consilio</span> <span class='ocrx_word' id='word_1_15' title='bbox 483 675 660 756; x_wconf 93' lang='lat' dir='ltr'>(quoniam</span> <span class='ocrx_word' id='word_1_16' title='bbox 680 673 823 758; x_wconf 92' lang='lat' dir='ltr'>publicis</span> <span class='ocrx_word' id='word_1_17' title='bbox 850 675 991 738; x_wconf 85' lang='lat' dir='ltr'>ducibus</span> <span class='ocrx_word' id='word_1_18' title='bbox 1017 694 1069 738; x_wconf 87' lang='lat' dir='ltr'>res</span> <span class='ocrx_word' id='word_1_19' title='bbox 1096 674 1232 757; x_wconf 87' lang='lat' dir='ltr'>publica</span> <span class='ocrx_word' id='word_1_20' title='bbox 1257 680 1398 751; x_wconf 82' lang='lat' dir='ltr'>careret)</span> <span class='ocrx_word' id='word_1_21' title='bbox 1424 677 1669 738; x_wconf 77' lang='lat' dir='ltr'>defendendum</span> <span class='ocrx_word' id='word_1_22' title='bbox 1696 685 1865 757; x_wconf 90' lang='lat' dir='ltr'>putarunt.</span> <span class='ocrx_word' id='word_1_23' title='bbox 1905 680 1982 738; x_wconf 83' lang='lat' dir='ltr'>Erat</span> <span class='ocrx_word' id='word_1_24' title='bbox 2000 678 2123 738; x_wconf 90' lang='lat' dir='ltr'>eodem</span> 
     </span>
     <span class='ocr_line' id='line_1_4' title="bbox 320 778 2124 864; baseline -0.003 -19"><span class='ocrx_word' id='word_1_25' title='bbox 320 794 470 864; x_wconf 88' lang='lat' dir='ltr'>tempore</span> <span class='ocrx_word' id='word_1_26' title='bbox 490 780 622 843; x_wconf 85' lang='lat' dir='ltr'>senatus</span> <span class='ocrx_word' id='word_1_27' title='bbox 642 779 677 841; x_wconf 91' lang='lat' dir='ltr'>in</span> <span class='ocrx_word' id='word_1_28' title='bbox 699 781 780 841; x_wconf 86' lang='lat' dir='ltr'>aede</span> <span class='ocrx_word' id='word_1_29' title='bbox 801 778 1023 855; x_wconf 88' lang='lat' dir='ltr'>Concordiae,</span> <span class='ocrx_word' id='word_1_30' title='bbox 1043 781 1136 860; x_wconf 89' lang='lat' dir='ltr'>quod</span> <span class='ocrx_word' id='word_1_31' title='bbox 1156 779 1268 860; x_wconf 91' lang='lat' dir='ltr'>ipsum</span> <span class='ocrx_word' id='word_1_32' title='bbox 1289 779 1451 861; x_wconf 91' lang='lat' dir='ltr'>templum</span> <span class='ocrx_word' id='word_1_33' title='bbox 1472 782 1739 861; x_wconf 70' lang='lat' dir='ltr'><strong>repraesentabat</strong></span> <span class='ocrx_word' id='word_1_34' title='bbox 1757 778 1951 841; x_wconf 82' lang='lat' dir='ltr'>memoriam</span> <span class='ocrx_word' id='word_1_35' title='bbox 1973 780 2124 841; x_wconf 87' lang='lat' dir='ltr'>consula·</span> 
     </span>
     <span class='ocr_line' id='line_1_5' title="bbox 321 882 2124 965; baseline -0.003 -16"><span class='ocrx_word' id='word_1_36' title='bbox 321 897 371 949; x_wconf 92' lang='lat' dir='ltr'>tus</span> <span class='ocrx_word' id='word_1_37' title='bbox 393 885 474 965; x_wconf 91' lang='lat' dir='ltr'>mei,</span> <span class='ocrx_word' id='word_1_38' title='bbox 505 906 581 947; x_wconf 89' lang='lat' dir='ltr'>cum</span> <span class='ocrx_word' id='word_1_39' title='bbox 603 888 685 946; x_wconf 90' lang='lat' dir='ltr'>tlens</span> <span class='ocrx_word' id='word_1_40' title='bbox 706 882 881 945; x_wconf 83' lang='lat' dir='ltr'>universus</span> <span class='ocrx_word' id='word_1_41' title='bbox 902 885 986 945; x_wconf 92' lang='lat' dir='ltr'>ordo</span> <span class='ocrx_word' id='word_1_42' title='bbox 1008 883 1233 946; x_wconf 89' lang='lat' dir='ltr'>cincinnatum</span> <span class='ocrx_word' id='word_1_43' title='bbox 1252 884 1424 945; x_wconf 90' lang='lat' dir='ltr'>consulem</span> <span class='ocrx_word' id='word_1_44' title='bbox 1445 886 1580 946; x_wconf 86' lang='lat' dir='ltr'>orabat:</span> <span class='ocrx_word' id='word_1_45' title='bbox 1610 905 1687 946; x_wconf 84' lang='lat' dir='ltr'>narn</span> <span class='ocrx_word' id='word_1_46' title='bbox 1717 886 1800 945; x_wconf 89' lang='lat' dir='ltr'>alter</span> <span class='ocrx_word' id='word_1_47' title='bbox 1828 882 1886 946; x_wconf 89' lang='lat' dir='ltr'>ille</span> <span class='ocrx_word' id='word_1_48' title='bbox 1911 883 2068 945; x_wconf 89' lang='lat' dir='ltr'>horridus</span> <span class='ocrx_word' id='word_1_49' title='bbox 2089 893 2124 945; x_wconf 88' lang='lat' dir='ltr'>et</span> 
     </span>
     <span class='ocr_line' id='line_1_6' title="bbox 282 985 2126 1071; baseline -0.004 -17"><span class='ocrx_word' id='word_1_50' title='bbox 282 993 456 1055; x_wconf 74' lang='lat' dir='ltr'>breverus</span> <span class='ocrx_word' id='word_1_51' title='bbox 486 991 640 1053; x_wconf 90' lang='lat' dir='ltr'>consulto</span> <span class='ocrx_word' id='word_1_52' title='bbox 666 1008 702 1051; x_wconf 91' lang='lat' dir='ltr'>se</span> <span class='ocrx_word' id='word_1_53' title='bbox 728 989 821 1050; x_wconf 90' lang='lat' dir='ltr'>domi</span> <span class='ocrx_word' id='word_1_54' title='bbox 848 987 1048 1051; x_wconf 90' lang='lat' dir='ltr'>continebat.</span> <span class='ocrx_word' id='word_1_55' title='bbox 1089 988 1161 1071; x_wconf 82' lang='lat' dir='ltr'>Qua</span> <span class='ocrx_word' id='word_1_56' title='bbox 1188 997 1258 1049; x_wconf 88' lang='lat' dir='ltr'>turn</span> <span class='ocrx_word' id='word_1_57' title='bbox 1286 987 1443 1069; x_wconf 91' lang='lat' dir='ltr'>superbia</span> <span class='ocrx_word' id='word_1_58' title='bbox 1469 1008 1612 1051; x_wconf 89' lang='lat' dir='ltr'>coenum</span> <span class='ocrx_word' id='word_1_59' title='bbox 1638 989 1721 1050; x_wconf 90' lang='lat' dir='ltr'>illud</span> <span class='ocrx_word' id='word_1_60' title='bbox 1742 1006 1780 1047; x_wconf 89' lang='lat' dir='ltr'>ac</span> <span class='ocrx_word' id='word_1_61' title='bbox 1800 987 1893 1049; x_wconf 90' lang='lat' dir='ltr'>labes</span> <span class='ocrx_word' id='word_1_62' title='bbox 1913 985 2126 1066; x_wconf 86' lang='lat' dir='ltr'>amplissumi</span> 
     </span>
     <span class='ocr_line' id='line_1_7' title="bbox 321 1091 2121 1178; baseline -0.004 -19"><span class='ocrx_word' id='word_1_63' title='bbox 321 1097 447 1159; x_wconf 83' lang='lat' dir='ltr'>ordinis</span> <span class='ocrx_word' id='word_1_64' title='bbox 469 1115 583 1178; x_wconf 86' lang='lat' dir='ltr'>preces</span> <span class='ocrx_word' id='word_1_65' title='bbox 603 1104 636 1157; x_wconf 88' lang='lat' dir='ltr'>et</span> <span class='ocrx_word' id='word_1_66' title='bbox 657 1094 928 1156; x_wconf 87' lang='lat' dir='ltr'>clarissumorum</span> <span class='ocrx_word' id='word_1_67' title='bbox 950 1093 1070 1155; x_wconf 84' lang='lat' dir='ltr'>civium</span> <span class='ocrx_word' id='word_1_68' title='bbox 1090 1093 1254 1155; x_wconf 87' lang='lat' dir='ltr'>lacrumas</span> <span class='ocrx_word' id='word_1_69' title='bbox 1273 1092 1476 1176; x_wconf 78' lang='lat' dir='ltr'>repudiarit!</span> <span class='ocrx_word' id='word_1_70' title='bbox 1506 1113 1561 1155; x_wconf 87' lang='lat' dir='ltr'>me</span> <span class='ocrx_word' id='word_1_71' title='bbox 1587 1093 1697 1173; x_wconf 92' lang='lat' dir='ltr'>ipsum</span> <span class='ocrx_word' id='word_1_72' title='bbox 1724 1100 1761 1152; x_wconf 89' lang='lat' dir='ltr'>ut</span> <span class='ocrx_word' id='word_1_73' title='bbox 1785 1091 1984 1171; x_wconf 79' lang='lat' dir='ltr'>contempsit</span> <span class='ocrx_word' id='word_1_74' title='bbox 2002 1093 2121 1152; x_wconf 91' lang='lat' dir='ltr'>helluo</span> 
     </span>
     <span class='ocr_line' id='line_1_8' title="bbox 319 1194 2126 1284; baseline -0.004 -20"><span class='ocrx_word' id='word_1_75' title='bbox 319 1203 458 1284; x_wconf 79' lang='lat' dir='ltr'>patriae!</span> <span class='ocrx_word' id='word_1_76' title='bbox 478 1222 556 1263; x_wconf 89' lang='lat' dir='ltr'>narn</span> <span class='ocrx_word' id='word_1_77' title='bbox 578 1200 661 1283; x_wconf 91' lang='lat' dir='ltr'>quid</span> <span class='ocrx_word' id='word_1_78' title='bbox 681 1219 743 1284; x_wconf 86' lang='lat' dir='ltr'>ego</span> <span class='ocrx_word' id='word_1_79' title='bbox 765 1197 944 1281; x_wconf 81' lang='lat' dir='ltr'>patrimoni</span> <span class='ocrx_word' id='word_1_80' title='bbox 964 1197 1087 1279; x_wconf 88' lang='lat' dir='ltr'>dicam,</span> <span class='ocrx_word' id='word_1_81' title='bbox 1107 1199 1200 1276; x_wconf 92' lang='lat' dir='ltr'>quod</span> <span class='ocrx_word' id='word_1_82' title='bbox 1220 1197 1296 1276; x_wconf 90' lang='lat' dir='ltr'>llle,</span> <span class='ocrx_word' id='word_1_83' title='bbox 1316 1197 1511 1276; x_wconf 74' lang='lat' dir='ltr'>cum‘quasl</span> <span class='ocrx_word' id='word_1_84' title='bbox 1531 1209 1704 1278; x_wconf 80' lang='lat' dir='ltr'>quaestum</span> <span class='ocrx_word' id='word_1_85' title='bbox 1726 1196 1862 1273; x_wconf 86' lang='lat' dir='ltr'>faceret,</span> <span class='ocrx_word' id='word_1_86' title='bbox 1884 1194 2019 1257; x_wconf 80' lang='lat' dir='ltr'>amisit?</span> <span class='ocrx_word' id='word_1_87' title='bbox 2037 1197 2126 1275; x_wconf 81' lang='lat' dir='ltr'>Vos,</span> 
     </span>
     <span class='ocr_line' id='line_1_9' title="bbox 317 1301 2127 1392; baseline -0.002 -27"><span class='ocrx_word' id='word_1_88' title='bbox 317 1326 395 1389; x_wconf 80' lang='lat' dir='ltr'>ros,</span> <span class='ocrx_word' id='word_1_89' title='bbox 415 1307 570 1392; x_wconf 85' lang='lat' dir='ltr'>inquam,</span> <span class='ocrx_word' id='word_1_90' title='bbox 591 1303 718 1383; x_wconf 84' lang='lat' dir='ltr'>equites</span> <span class='ocrx_word' id='word_1_91' title='bbox 741 1301 899 1382; x_wconf 86' lang='lat' dir='ltr'>Romani,</span> <span class='ocrx_word' id='word_1_92' title='bbox 921 1309 953 1362; x_wconf 90' lang='lat' dir='ltr'>et</span> <span class='ocrx_word' id='word_1_93' title='bbox 974 1319 1090 1364; x_wconf 89' lang='lat' dir='ltr'>omnes</span> <span class='ocrx_word' id='word_1_94' title='bbox 1109 1301 1191 1363; x_wconf 92' lang='lat' dir='ltr'>boui</span> <span class='ocrx_word' id='word_1_95' title='bbox 1210 1311 1302 1362; x_wconf 81' lang='lat' dir='ltr'>reste</span> <span class='ocrx_word' id='word_1_96' title='bbox 1323 1310 1447 1364; x_wconf 84' lang='lat' dir='ltr'>mutata</span> <span class='ocrx_word' id='word_1_97' title='bbox 1465 1320 1527 1363; x_wconf 81' lang='lat' dir='ltr'>vos</span> <span class='ocrx_word' id='word_1_98' title='bbox 1548 1321 1611 1382; x_wconf 88' lang='lat' dir='ltr'>pro</span> <span class='ocrx_word' id='word_1_99' title='bbox 1632 1321 1708 1363; x_wconf 88' lang='lat' dir='ltr'>meo</span> <span class='ocrx_word' id='word_1_100' title='bbox 1729 1302 1834 1381; x_wconf 86' lang='lat' dir='ltr'>eapite</span> <span class='ocrx_word' id='word_1_101' title='bbox 1854 1302 1896 1365; x_wconf 88' lang='lat' dir='ltr'>ad</span> <span class='ocrx_word' id='word_1_102' title='bbox 1913 1301 2016 1379; x_wconf 92' lang='lat' dir='ltr'>pedes</span> <span class='ocrx_word' id='word_1_103' title='bbox 2030 1301 2127 1362; x_wconf 77' lang='lat' dir='ltr'>leno·</span> 
     </span>
     <span class='ocr_line' id='line_1_10' title="bbox 318 1395 2122 1493; baseline -0.003 -23"><span class='ocrx_word' id='word_1_104' title='bbox 318 1411 368 1471; x_wconf 90' lang='lat' dir='ltr'>uis</span> <span class='ocrx_word' id='word_1_105' title='bbox 388 1407 619 1493; x_wconf 87' lang='lat' dir='ltr'>impurissumi</span> <span class='ocrx_word' id='word_1_106' title='bbox 639 1406 844 1488; x_wconf 84' lang='lat' dir='ltr'>proiecistis:</span> <span class='ocrx_word' id='word_1_107' title='bbox 875 1425 952 1466; x_wconf 89' lang='lat' dir='ltr'>curn</span> <span class='ocrx_word' id='word_1_108' title='bbox 976 1405 1092 1467; x_wconf 81' lang='lat' dir='ltr'>restris</span> <span class='ocrx_word' id='word_1_109' title='bbox 1110 1395 1266 1487; x_wconf 79' lang='lat' dir='ltr'>precibus</span> <span class='ocrx_word' id='word_1_110' title='bbox 1287 1406 1329 1467; x_wconf 88' lang='lat' dir='ltr'>ab</span> <span class='ocrx_word' id='word_1_111' title='bbox 1349 1406 1478 1468; x_wconf 89' lang='lat' dir='ltr'>latrone</span> <span class='ocrx_word' id='word_1_112' title='bbox 1503 1404 1563 1466; x_wconf 90' lang='lat' dir='ltr'>illo</span> <span class='ocrx_word' id='word_1_113' title='bbox 1584 1405 1749 1486; x_wconf 88' lang='lat' dir='ltr'>repudiati</span> <span class='ocrx_word' id='word_1_114' title='bbox 1770 1404 1857 1467; x_wconf 89' lang='lat' dir='ltr'>estis.</span> <span class='ocrx_word' id='word_1_115' title='bbox 1897 1405 1958 1470; x_wconf 85' lang='lat' dir='ltr'>Vir</span> <span class='ocrx_word' id='word_1_116' title='bbox 1976 1404 2122 1467; x_wconf 88' lang='lat' dir='ltr'>incredi-</span> 
     </span>
     <span class='ocr_line' id='line_1_11' title="bbox 261 1496 2124 1596; baseline -0.002 -22"><span class='ocrx_word' id='word_1_117' title='bbox 261 1527 300 1590; x_wconf 76' lang='lat'>10</span> <span class='ocrx_word' id='word_1_118' title='bbox 321 1514 381 1574; x_wconf 92' lang='lat' dir='ltr'>blli</span> <span class='ocrx_word' id='word_1_119' title='bbox 401 1496 483 1590; x_wconf 85' lang='lat' dir='ltr'>fide,</span> <span class='ocrx_word' id='word_1_120' title='bbox 503 1511 732 1594; x_wconf 82' lang='lat' dir='ltr'>magnitudine</span> <span class='ocrx_word' id='word_1_121' title='bbox 752 1510 873 1592; x_wconf 91' lang='lat' dir='ltr'>animi,</span> <span class='ocrx_word' id='word_1_122' title='bbox 893 1511 1095 1591; x_wconf 87' lang='lat' dir='ltr'>constantia,</span> <span class='ocrx_word' id='word_1_123' title='bbox 1124 1513 1162 1571; x_wconf 89' lang='lat' dir='ltr'>L.</span> <span class='ocrx_word' id='word_1_124' title='bbox 1185 1510 1343 1592; x_wconf 84' lang='lat' dir='ltr'>Ninnius,</span> <span class='ocrx_word' id='word_1_125' title='bbox 1370 1512 1414 1571; x_wconf 91' lang='lat' dir='ltr'>ad</span> <span class='ocrx_word' id='word_1_126' title='bbox 1433 1519 1585 1573; x_wconf 87' lang='lat' dir='ltr'>sonatum</span> <span class='ocrx_word' id='word_1_127' title='bbox 1608 1511 1650 1570; x_wconf 88' lang='lat' dir='ltr'>de</span> <span class='ocrx_word' id='word_1_128' title='bbox 1670 1529 1707 1572; x_wconf 86' lang='lat' dir='ltr'>re</span> <span class='ocrx_word' id='word_1_129' title='bbox 1727 1511 1863 1596; x_wconf 88' lang='lat' dir='ltr'>publica</span> <span class='ocrx_word' id='word_1_130' title='bbox 1882 1508 2008 1572; x_wconf 88' lang='lat' dir='ltr'>rettulit</span> <span class='ocrx_word' id='word_1_131' title='bbox 2027 1528 2124 1571; x_wconf 80' lang='lat' dir='ltr'>sena-</span> 
     </span>
     <span class='ocr_line' id='line_1_12' title="bbox 319 1616 1446 1705; baseline 0.001 -27"><span class='ocrx_word' id='word_1_132' title='bbox 319 1630 439 1695; x_wconf 90' lang='lat' dir='ltr'>tusque</span> <span class='ocrx_word' id='word_1_133' title='bbox 460 1617 618 1695; x_wconf 81' lang='lat' dir='ltr'>frequens</span> <span class='ocrx_word' id='word_1_134' title='bbox 640 1625 765 1678; x_wconf 84' lang='lat' dir='ltr'>vestem</span> <span class='ocrx_word' id='word_1_135' title='bbox 789 1635 852 1696; x_wconf 87' lang='lat' dir='ltr'>pro</span> <span class='ocrx_word' id='word_1_136' title='bbox 874 1636 948 1678; x_wconf 88' lang='lat' dir='ltr'>mea</span> <span class='ocrx_word' id='word_1_137' title='bbox 969 1619 1074 1679; x_wconf 88' lang='lat' dir='ltr'>salute</span> <span class='ocrx_word' id='word_1_138' title='bbox 1095 1616 1446 1705; x_wconf 13' lang='lat' dir='ltr'>mutandamtcensuit.</span> 
     </span>
     <span class='ocr_line' id='line_1_13' title="bbox 400 1719 2125 1802; baseline -0.001 -19"><span class='ocrx_word' id='word_1_139' title='bbox 400 1723 474 1786; x_wconf 86' lang='lat' dir='ltr'>xtt.</span> <span class='ocrx_word' id='word_1_140' title='bbox 498 1742 545 1797; x_wconf 77' lang='lat'>27.</span> <span class='ocrx_word' id='word_1_141' title='bbox 566 1724 596 1783; x_wconf 93' lang='grc' dir='ltr'>Ο</span> <span class='ocrx_word' id='word_1_142' title='bbox 610 1720 698 1783; x_wconf 89' lang='lat' dir='ltr'>diem</span> <span class='ocrx_word' id='word_1_143' title='bbox 712 1721 806 1782; x_wconf 88' lang='lat' dir='ltr'>illum</span> <span class='ocrx_word' id='word_1_144' title='bbox 818 1767 827 1802; x_wconf 88' lang='lat'>,</span> <span class='ocrx_word' id='word_1_145' title='bbox 840 1719 980 1801; x_wconf 86' lang='lat' dir='ltr'>iudices,</span> <span class='ocrx_word' id='word_1_146' title='bbox 994 1721 1162 1783; x_wconf 84' lang='lat' dir='ltr'>funestum</span> <span class='ocrx_word' id='word_1_147' title='bbox 1175 1721 1305 1785; x_wconf 87' lang='lat' dir='ltr'>senatui</span> <span class='ocrx_word' id='word_1_148' title='bbox 1321 1721 1486 1801; x_wconf 87' lang='lat' dir='ltr'>bonisque</span> <span class='ocrx_word' id='word_1_149' title='bbox 1503 1720 1675 1800; x_wconf 87' lang='lat' dir='ltr'>omnibus,</span> <span class='ocrx_word' id='word_1_150' title='bbox 1688 1719 1737 1782; x_wconf 85' lang='lat' dir='ltr'>rei</span> <span class='ocrx_word' id='word_1_151' title='bbox 1750 1721 1904 1802; x_wconf 89' lang='lat' dir='ltr'>publicae</span> <span class='ocrx_word' id='word_1_152' title='bbox 1917 1722 2125 1799; x_wconf 87' lang='lat' dir='ltr'>luctuosum,</span> 
     </span>
     <span class='ocr_line' id='line_1_14' title="bbox 317 1823 2124 1909; baseline 0 -23"><span class='ocrx_word' id='word_1_153' title='bbox 317 1824 401 1886; x_wconf 92' lang='lat' dir='ltr'>mibi</span> <span class='ocrx_word' id='word_1_154' title='bbox 422 1827 464 1886; x_wconf 87' lang='lat' dir='ltr'>ad</span> <span class='ocrx_word' id='word_1_155' title='bbox 486 1825 705 1886; x_wconf 90' lang='lat' dir='ltr'>domesticum</span> <span class='ocrx_word' id='word_1_156' title='bbox 726 1844 910 1887; x_wconf 87' lang='lat' dir='ltr'>maerorem</span> <span class='ocrx_word' id='word_1_157' title='bbox 931 1845 1080 1909; x_wconf 79' lang='lat' dir='ltr'>gravem,</span> <span class='ocrx_word' id='word_1_158' title='bbox 1101 1826 1144 1887; x_wconf 89' lang='lat' dir='ltr'>ad</span> <span class='ocrx_word' id='word_1_159' title='bbox 1164 1825 1363 1907; x_wconf 85' lang='lat' dir='ltr'>posteritatis</span> <span class='ocrx_word' id='word_1_160' title='bbox 1384 1825 1580 1889; x_wconf 90' lang='lat' dir='ltr'>memoriam</span> <span class='ocrx_word' id='word_1_161' title='bbox 1600 1824 1798 1909; x_wconf 87' lang='lat' dir='ltr'>gloriosum!</span> <span class='ocrx_word' id='word_1_162' title='bbox 1818 1825 1909 1908; x_wconf 77' lang='lat' dir='ltr'>Quid</span> <span class='ocrx_word' id='word_1_163' title='bbox 1928 1825 2018 1886; x_wconf 86' lang='lat' dir='ltr'>enim</span> <span class='ocrx_word' id='word_1_164' title='bbox 2032 1823 2124 1903; x_wconf 86' lang='lat' dir='ltr'>quis·</span> 
     </span>
     <span class='ocr_line' id='line_1_15' title="bbox 320 1926 2124 2013; baseline -0.001 -24"><span class='ocrx_word' id='word_1_165' title='bbox 320 1948 419 2008; x_wconf 89' lang='lat' dir='ltr'>quam</span> <span class='ocrx_word' id='word_1_166' title='bbox 444 1939 553 2010; x_wconf 87' lang='lat' dir='ltr'>potest</span> <span class='ocrx_word' id='word_1_167' title='bbox 574 1951 614 1992; x_wconf 83' lang='lat' dir='ltr'>ex</span> <span class='ocrx_word' id='word_1_168' title='bbox 636 1930 731 1990; x_wconf 88' lang='lat' dir='ltr'>omni</span> <span class='ocrx_word' id='word_1_169' title='bbox 751 1928 912 1992; x_wconf 86' lang='lat' dir='ltr'>memoria</span> <span class='ocrx_word' id='word_1_170' title='bbox 932 1950 1063 1993; x_wconf 88' lang='lat' dir='ltr'>sumere</span> <span class='ocrx_word' id='word_1_171' title='bbox 1083 1930 1262 2012; x_wconf 86' lang='lat' dir='ltr'>illustrius,</span> <span class='ocrx_word' id='word_1_172' title='bbox 1290 1951 1391 2011; x_wconf 89' lang='lat' dir='ltr'>quam</span> <span class='ocrx_word' id='word_1_173' title='bbox 1414 1949 1478 2013; x_wconf 91' lang='lat' dir='ltr'>pro</span> <span class='ocrx_word' id='word_1_174' title='bbox 1500 1950 1568 1992; x_wconf 91' lang='lat' dir='ltr'>uno</span> <span class='ocrx_word' id='word_1_175' title='bbox 1591 1930 1715 2009; x_wconf 81' lang='lat' dir='ltr'>oireet</span> <span class='ocrx_word' id='word_1_176' title='bbox 1735 1930 1842 1992; x_wconf 92' lang='lat' dir='ltr'>bonos</span> <span class='ocrx_word' id='word_1_177' title='bbox 1863 1926 1972 1989; x_wconf 90' lang='lat' dir='ltr'>omnis</span> <span class='ocrx_word' id='word_1_178' title='bbox 1992 1926 2124 2009; x_wconf 84' lang='lat' dir='ltr'>privato</span> 
     </span>
    </p>
   </div>
   <div class='ocr_carea' id='block_1_3' title="bbox 260 2028 2199 2313">
    <p class='ocr_par' dir='ltr' id='par_1_3' title="bbox 260 2028 2199 2313">
     <span class='ocr_line' id='line_1_16' title="bbox 260 2028 2123 2117; baseline -0.005 -22"><span class='ocrx_word' id='word_1_179' title='bbox 260 2047 298 2110; x_wconf 82' lang='lat'>15</span> <span class='ocrx_word' id='word_1_180' title='bbox 320 2053 484 2096; x_wconf 89' lang='lat' dir='ltr'>consensu</span> <span class='ocrx_word' id='word_1_181' title='bbox 507 2046 538 2096; x_wconf 91' lang='lat' dir='ltr'>et</span> <span class='ocrx_word' id='word_1_182' title='bbox 559 2034 750 2098; x_wconf 82' lang='lat' dir='ltr'>universnm</span> <span class='ocrx_word' id='word_1_183' title='bbox 775 2045 925 2098; x_wconf 89' lang='lat' dir='ltr'>senatum</span> <span class='ocrx_word' id='word_1_184' title='bbox 947 2036 1084 2117; x_wconf 85' lang='lat' dir='ltr'>publico</span> <span class='ocrx_word' id='word_1_185' title='bbox 1109 2035 1251 2100; x_wconf 90' lang='lat' dir='ltr'>consilio</span> <span class='ocrx_word' id='word_1_186' title='bbox 1272 2045 1417 2098; x_wconf 85' lang='lat' dir='ltr'>mutasse</span> <span class='ocrx_word' id='word_1_187' title='bbox 1447 2036 1596 2088; x_wconf 69' lang='lat' dir='ltr'>vestem?</span> <span class='ocrx_word' id='word_1_188' title='bbox 1626 2052 1712 2102; x_wconf 80' lang='lat' dir='ltr'>quae</span> <span class='ocrx_word' id='word_1_189' title='bbox 1733 2032 1869 2102; x_wconf 83' lang='lat' dir='ltr'>quidem</span> <span class='ocrx_word' id='word_1_190' title='bbox 1891 2040 1960 2088; x_wconf 86' lang='lat' dir='ltr'>tum</span> <span class='ocrx_word' id='word_1_191' title='bbox 1983 2028 2123 2089; x_wconf 87' lang='lat' dir='ltr'>mutatio</span> 
     </span>
     <span class='ocr_line' id='line_1_17' title="bbox 319 2126 2199 2219; baseline -0.003 -18"><span class='ocrx_word' id='word_1_192' title='bbox 319 2158 388 2199; x_wconf 92' lang='lat' dir='ltr'>non</span> <span class='ocrx_word' id='word_1_193' title='bbox 412 2140 654 2219; x_wconf 88' lang='lat' dir='ltr'>deprecationis</span> <span class='ocrx_word' id='word_1_194' title='bbox 675 2151 724 2202; x_wconf 89' lang='lat' dir='ltr'>cst</span> <span class='ocrx_word' id='word_1_195' title='bbox 745 2160 843 2203; x_wconf 87' lang='lat' dir='ltr'>causa</span> <span class='ocrx_word' id='word_1_196' title='bbox 863 2141 964 2215; x_wconf 73' lang='lat' dir='ltr'>lacta,</span> <span class='ocrx_word' id='word_1_197' title='bbox 991 2144 1049 2201; x_wconf 84' lang='lat' dir='ltr'>sed</span> <span class='ocrx_word' id='word_1_198' title='bbox 1078 2143 1197 2195; x_wconf 64' lang='lat' dir='ltr'>tuctus.</span> <span class='ocrx_word' id='word_1_199' title='bbox 1239 2139 1345 2209; x_wconf 74' lang='lat' dir='ltr'>Quem</span> <span class='ocrx_word' id='word_1_200' title='bbox 1367 2126 1456 2193; x_wconf 87' lang='lat' dir='ltr'>enim</span> <span class='ocrx_word' id='word_1_201' title='bbox 1476 2129 1749 2210; x_wconf 86' lang='lat' dir='ltr'>deprecarentur,</span> <span class='ocrx_word' id='word_1_202' title='bbox 1778 2149 1855 2191; x_wconf 90' lang='lat' dir='ltr'>cum</span> <span class='ocrx_word' id='word_1_203' title='bbox 1876 2149 1993 2192; x_wconf 90' lang='lat' dir='ltr'>omnes</span> <span class='ocrx_word' id='word_1_204' title='bbox 2013 2144 2125 2195; x_wconf 88' lang='lat' dir='ltr'>essent</span> <span class='ocrx_word' id='word_1_205' title='bbox 2194 2146 2199 2154; x_wconf 85' lang='lat'>&#39;</span> 
     </span>
     <span class='ocr_line' id='line_1_18' title="bbox 317 2229 2124 2313; baseline 0 -17"><span class='ocrx_word' id='word_1_206' title='bbox 317 2244 479 2303; x_wconf 77' lang='lat' dir='ltr'>sordidati</span> <span class='ocrx_word' id='word_1_207' title='bbox 501 2265 644 2313; x_wconf 71' lang='lat' dir='ltr'>eumque</span> <span class='ocrx_word' id='word_1_208' title='bbox 664 2249 731 2296; x_wconf 78' lang='lat' dir='ltr'>noe</span> <span class='ocrx_word' id='word_1_209' title='bbox 752 2243 831 2292; x_wconf 82' lang='lat' dir='ltr'>saus</span> <span class='ocrx_word' id='word_1_210' title='bbox 851 2247 937 2292; x_wconf 86' lang='lat' dir='ltr'>esset</span> <span class='ocrx_word' id='word_1_211' title='bbox 956 2231 1043 2311; x_wconf 86' lang='lat' dir='ltr'>signi</span> <span class='ocrx_word' id='word_1_212' title='bbox 1064 2249 1135 2292; x_wconf 89' lang='lat' dir='ltr'>esse</span> <span class='ocrx_word' id='word_1_213' title='bbox 1155 2229 1368 2311; x_wconf 88' lang='lat' dir='ltr'>improbum,</span> <span class='ocrx_word' id='word_1_214' title='bbox 1390 2230 1450 2309; x_wconf 92' lang='lat' dir='ltr'>qui</span> <span class='ocrx_word' id='word_1_215' title='bbox 1469 2238 1598 2296; x_wconf 83' lang='lat' dir='ltr'>mutata&#39;</span> <span class='ocrx_word' id='word_1_216' title='bbox 1613 2243 1704 2300; x_wconf 83' lang='lat' dir='ltr'>veste</span> <span class='ocrx_word' id='word_1_217' title='bbox 1723 2252 1793 2295; x_wconf 90' lang='lat' dir='ltr'>non</span> <span class='ocrx_word' id='word_1_218' title='bbox 1814 2236 1923 2296; x_wconf 80' lang='lat' dir='ltr'>esset?</span> <span class='ocrx_word' id='word_1_219' title='bbox 1957 2240 2030 2298; x_wconf 84' lang='lat' dir='ltr'>Hac</span> <span class='ocrx_word' id='word_1_220' title='bbox 2048 2257 2124 2298; x_wconf 89' lang='lat' dir='ltr'>mu·</span> 
     </span>
    </p>
   </div>
   <div class='ocr_carea' id='block_1_4' title="bbox 246 2331 2124 3889">
    <p class='ocr_par' dir='ltr' id='par_1_4' title="bbox 246 2331 2124 3889">
     <span class='ocr_line' id='line_1_19' title="bbox 318 2331 2124 2417; baseline -0.001 -14"><span class='ocrx_word' id='word_1_221' title='bbox 318 2345 441 2403; x_wconf 88' lang='lat' dir='ltr'>tatlone</span> <span class='ocrx_word' id='word_1_222' title='bbox 462 2341 560 2400; x_wconf 80' lang='lat' dir='ltr'>restis</span> <span class='ocrx_word' id='word_1_223' title='bbox 582 2338 687 2416; x_wconf 84' lang='lat' dir='ltr'>lacta,</span> <span class='ocrx_word' id='word_1_224' title='bbox 707 2345 799 2398; x_wconf 88' lang='lat' dir='ltr'>tanto</span> <span class='ocrx_word' id='word_1_225' title='bbox 820 2332 854 2394; x_wconf 91' lang='lat' dir='ltr'>iu</span> <span class='ocrx_word' id='word_1_226' title='bbox 874 2334 966 2394; x_wconf 90' lang='lat' dir='ltr'>luotu</span> <span class='ocrx_word' id='word_1_227' title='bbox 987 2331 1142 2413; x_wconf 84' lang='lat' dir='ltr'>civitatis,</span> <span class='ocrx_word' id='word_1_228' title='bbox 1161 2335 1300 2415; x_wconf 87' lang='lat' dir='ltr'>omitto,</span> <span class='ocrx_word' id='word_1_229' title='bbox 1320 2335 1404 2416; x_wconf 92' lang='lat' dir='ltr'>quid</span> <span class='ocrx_word' id='word_1_230' title='bbox 1421 2335 1479 2399; x_wconf 88' lang='lat' dir='ltr'>ille</span> <span class='ocrx_word' id='word_1_231' title='bbox 1499 2334 1666 2417; x_wconf 90' lang='lat' dir='ltr'>tribunus,</span> <span class='ocrx_word' id='word_1_232' title='bbox 1688 2338 1838 2402; x_wconf 91' lang='lat' dir='ltr'>omnium</span> <span class='ocrx_word' id='word_1_233' title='bbox 1861 2359 1971 2401; x_wconf 88' lang='lat' dir='ltr'>rerum</span> <span class='ocrx_word' id='word_1_234' title='bbox 1994 2339 2124 2402; x_wconf 79' lang='lat' dir='ltr'>divina·</span> 
     </span>
     <span class='ocr_line' id='line_1_20' title="bbox 317 2438 2120 2522; baseline 0.001 -15"><span class='ocrx_word' id='word_1_235' title='bbox 317 2467 394 2508; x_wconf 91' lang='lat' dir='ltr'>rum</span> <span class='ocrx_word' id='word_1_236' title='bbox 424 2448 714 2521; x_wconf 87' lang='lat' dir='ltr'>humanarumque</span> <span class='ocrx_word' id='word_1_237' title='bbox 745 2441 889 2522; x_wconf 84' lang='lat' dir='ltr'>praedo,</span> <span class='ocrx_word' id='word_1_238' title='bbox 920 2438 1053 2500; x_wconf 82' lang='lat' dir='ltr'>fecerit:</span> <span class='ocrx_word' id='word_1_239' title='bbox 1083 2439 1143 2519; x_wconf 90' lang='lat' dir='ltr'>qui</span> <span class='ocrx_word' id='word_1_240' title='bbox 1171 2442 1287 2503; x_wconf 88' lang='lat' dir='ltr'>adesse</span> <span class='ocrx_word' id='word_1_241' title='bbox 1315 2439 1553 2503; x_wconf 87' lang='lat' dir='ltr'>nobilissumos</span> <span class='ocrx_word' id='word_1_242' title='bbox 1586 2442 1823 2522; x_wconf 88' lang='lat' dir='ltr'>adulescentis,</span> <span class='ocrx_word' id='word_1_243' title='bbox 1856 2443 2120 2508; x_wconf 86' lang='lat' dir='ltr'>honestissumos</span> 
     </span>
     <span class='ocr_line' id='line_1_21' title="bbox 259 2542 2121 2631; baseline -0.001 -20"><span class='ocrx_word' id='word_1_244' title='bbox 259 2566 299 2629; x_wconf 73' lang='lat'>20</span> <span class='ocrx_word' id='word_1_245' title='bbox 320 2550 446 2629; x_wconf 89' lang='lat' dir='ltr'>equites</span> <span class='ocrx_word' id='word_1_246' title='bbox 469 2552 658 2626; x_wconf 86' lang='lat' dir='ltr'>Romanos,</span> <span class='ocrx_word' id='word_1_247' title='bbox 687 2549 917 2627; x_wconf 84' lang='lat' dir='ltr'>deprecatores</span> <span class='ocrx_word' id='word_1_248' title='bbox 946 2542 1060 2603; x_wconf 89' lang='lat' dir='ltr'>salutis</span> <span class='ocrx_word' id='word_1_249' title='bbox 1088 2561 1177 2603; x_wconf 86' lang='lat' dir='ltr'>meae</span> <span class='ocrx_word' id='word_1_250' title='bbox 1196 2543 1326 2610; x_wconf 82' lang='lat' dir='ltr'>iusserit</span> <span class='ocrx_word' id='word_1_251' title='bbox 1346 2562 1471 2622; x_wconf 89' lang='lat' dir='ltr'>eosque</span> <span class='ocrx_word' id='word_1_252' title='bbox 1493 2563 1669 2625; x_wconf 88' lang='lat' dir='ltr'>operarum</span> <span class='ocrx_word' id='word_1_253' title='bbox 1689 2567 1823 2608; x_wconf 89' lang='lat' dir='ltr'>suarum</span> <span class='ocrx_word' id='word_1_254' title='bbox 1846 2548 1966 2631; x_wconf 84' lang='lat' dir='ltr'>gladiis</span> <span class='ocrx_word' id='word_1_255' title='bbox 1985 2560 2017 2609; x_wconf 85' lang='lat' dir='ltr'>et</span> <span class='ocrx_word' id='word_1_256' title='bbox 2036 2547 2121 2630; x_wconf 78' lang='lat' dir='ltr'>lapi-</span> 
     </span>
     <span class='ocr_line' id='line_1_22' title="bbox 315 2644 2123 2725; baseline -0.005 -9"><span class='ocrx_word' id='word_1_257' title='bbox 315 2656 414 2716; x_wconf 91' lang='lat' dir='ltr'>dibus</span> <span class='ocrx_word' id='word_1_258' title='bbox 429 2652 605 2717; x_wconf 88' lang='lat' dir='ltr'>obiecerit:</span> <span class='ocrx_word' id='word_1_259' title='bbox 633 2654 674 2714; x_wconf 92' lang='lat' dir='ltr'>de</span> <span class='ocrx_word' id='word_1_260' title='bbox 689 2650 880 2713; x_wconf 91' lang='lat' dir='ltr'>consulibus</span> <span class='ocrx_word' id='word_1_261' title='bbox 894 2649 1034 2722; x_wconf 92' lang='lat' dir='ltr'>loquor,</span> <span class='ocrx_word' id='word_1_262' title='bbox 1051 2662 1195 2721; x_wconf 90' lang='lat' dir='ltr'>quorum</span> <span class='ocrx_word' id='word_1_263' title='bbox 1209 2644 1276 2706; x_wconf 87' lang='lat' dir='ltr'>fide</span> <span class='ocrx_word' id='word_1_264' title='bbox 1290 2665 1342 2711; x_wconf 83' lang='lat' dir='ltr'>res</span> <span class='ocrx_word' id='word_1_265' title='bbox 1355 2646 1488 2725; x_wconf 86' lang='lat' dir='ltr'>publica</span> <span class='ocrx_word' id='word_1_266' title='bbox 1501 2647 1561 2718; x_wconf 87' lang='lat' dir='ltr'>niti</span> <span class='ocrx_word' id='word_1_267' title='bbox 1574 2650 1702 2712; x_wconf 89' lang='lat' dir='ltr'>debuit.</span> <span class='ocrx_word' id='word_1_268' title='bbox 1746 2654 1797 2714; x_wconf 78' lang='lat'>28.</span> <span class='ocrx_word' id='word_1_269' title='bbox 1818 2651 2025 2713; x_wconf 80' lang='lat' dir='ltr'>Exanimatus</span> <span class='ocrx_word' id='word_1_270' title='bbox 2042 2670 2123 2714; x_wconf 83' lang='lat' dir='ltr'>evo.</span> 
     </span>
     <span class='ocr_line' id='line_1_23' title="bbox 316 2747 2121 2836; baseline -0.002 -15"><span class='ocrx_word' id='word_1_271' title='bbox 316 2763 361 2822; x_wconf 87' lang='lat' dir='ltr'>lat</span> <span class='ocrx_word' id='word_1_272' title='bbox 383 2781 421 2821; x_wconf 85' lang='lat' dir='ltr'>ex</span> <span class='ocrx_word' id='word_1_273' title='bbox 443 2768 579 2836; x_wconf 88' lang='lat' dir='ltr'>senatu,</span> <span class='ocrx_word' id='word_1_274' title='bbox 600 2777 669 2817; x_wconf 90' lang='lat' dir='ltr'>non</span> <span class='ocrx_word' id='word_1_275' title='bbox 691 2755 800 2818; x_wconf 88' lang='lat' dir='ltr'>minus</span> <span class='ocrx_word' id='word_1_276' title='bbox 820 2749 1014 2830; x_wconf 86' lang='lat' dir='ltr'>perturbato</span> <span class='ocrx_word' id='word_1_277' title='bbox 1033 2747 1145 2810; x_wconf 91' lang='lat' dir='ltr'>animo</span> <span class='ocrx_word' id='word_1_278' title='bbox 1164 2758 1263 2828; x_wconf 89' lang='lat' dir='ltr'>atque</span> <span class='ocrx_word' id='word_1_279' title='bbox 1282 2749 1395 2828; x_wconf 86' lang='lat' dir='ltr'>roltu,</span> <span class='ocrx_word' id='word_1_280' title='bbox 1420 2766 1523 2827; x_wconf 85' lang='lat' dir='ltr'>quam</span> <span class='ocrx_word' id='word_1_281' title='bbox 1548 2752 1577 2811; x_wconf 92' lang='lat' dir='ltr'>si</span> <span class='ocrx_word' id='word_1_282' title='bbox 1603 2753 1698 2812; x_wconf 89' lang='lat' dir='ltr'>annis</span> <span class='ocrx_word' id='word_1_283' title='bbox 1719 2763 1795 2812; x_wconf 88' lang='lat' dir='ltr'>ante</span> <span class='ocrx_word' id='word_1_284' title='bbox 1815 2755 1930 2831; x_wconf 89' lang='lat' dir='ltr'>paucis</span> <span class='ocrx_word' id='word_1_285' title='bbox 1950 2756 1987 2814; x_wconf 91' lang='lat' dir='ltr'>in</span> <span class='ocrx_word' id='word_1_286' title='bbox 2009 2757 2121 2818; x_wconf 87' lang='lat' dir='ltr'>credi·</span> 
     </span>
     <span class='ocr_line' id='line_1_24' title="bbox 317 2852 2123 2937; baseline -0.002 -9"><span class='ocrx_word' id='word_1_287' title='bbox 317 2875 426 2928; x_wconf 88' lang='lat' dir='ltr'>torum</span> <span class='ocrx_word' id='word_1_288' title='bbox 449 2872 645 2924; x_wconf 80' lang='lat' dir='ltr'>conventum</span> <span class='ocrx_word' id='word_1_289' title='bbox 666 2854 854 2930; x_wconf 70' lang='lat' dir='ltr'>incidisset,</span> <span class='ocrx_word' id='word_1_290' title='bbox 885 2855 1023 2918; x_wconf 85' lang='lat' dir='ltr'>advocat</span> <span class='ocrx_word' id='word_1_291' title='bbox 1043 2852 1247 2933; x_wconf 84' lang='lat' dir='ltr'>contionem,</span> <span class='ocrx_word' id='word_1_292' title='bbox 1266 2854 1365 2915; x_wconf 86' lang='lat' dir='ltr'>habet</span> <span class='ocrx_word' id='word_1_293' title='bbox 1385 2853 1569 2916; x_wconf 88' lang='lat' dir='ltr'>orationem</span> <span class='ocrx_word' id='word_1_294' title='bbox 1591 2856 1691 2916; x_wconf 85' lang='lat' dir='ltr'>talem</span> <span class='ocrx_word' id='word_1_295' title='bbox 1713 2858 1846 2929; x_wconf 84' lang='lat' dir='ltr'>consul,</span> <span class='ocrx_word' id='word_1_296' title='bbox 1867 2859 2001 2937; x_wconf 84' lang='lat' dir='ltr'>qualern</span> <span class='ocrx_word' id='word_1_297' title='bbox 2022 2879 2123 2925; x_wconf 87' lang='lat' dir='ltr'>nurn-</span> 
     </span>
     <span class='ocr_line' id='line_1_25' title="bbox 317 2953 2122 3050; baseline 0.001 -23"><span class='ocrx_word' id='word_1_298' title='bbox 317 2987 414 3050; x_wconf 86' lang='lat' dir='ltr'>qnam</span> <span class='ocrx_word' id='word_1_299' title='bbox 437 2964 577 3024; x_wconf 84' lang='lat' dir='ltr'>Catilina</span> <span class='ocrx_word' id='word_1_300' title='bbox 597 2957 704 3021; x_wconf 78' lang='lat' dir='ltr'>victor</span> <span class='ocrx_word' id='word_1_301' title='bbox 723 2958 915 3026; x_wconf 88' lang='lat' dir='ltr'>habuisset:</span> <span class='ocrx_word' id='word_1_302' title='bbox 945 2978 1077 3040; x_wconf 80' lang='lat' dir='ltr'>„errare</span> <span class='ocrx_word' id='word_1_303' title='bbox 1097 2953 1268 3039; x_wconf 77' lang='lat' dir='ltr'>hemines,</span> <span class='ocrx_word' id='word_1_304' title='bbox 1294 2957 1322 3021; x_wconf 89' lang='lat' dir='ltr'>si</span> <span class='ocrx_word' id='word_1_305' title='bbox 1344 2959 1442 3021; x_wconf 90' lang='lat' dir='ltr'>etiam</span> <span class='ocrx_word' id='word_1_306' title='bbox 1462 2967 1534 3021; x_wconf 91' lang='lat' dir='ltr'>tum</span> <span class='ocrx_word' id='word_1_307' title='bbox 1553 2971 1703 3021; x_wconf 88' lang='lat' dir='ltr'>senatum</span> <span class='ocrx_word' id='word_1_308' title='bbox 1725 2961 1853 3039; x_wconf 88' lang='lat' dir='ltr'>aliquid</span> <span class='ocrx_word' id='word_1_309' title='bbox 1871 2962 1907 3024; x_wconf 92' lang='lat' dir='ltr'>in</span> <span class='ocrx_word' id='word_1_310' title='bbox 1928 2983 1966 3025; x_wconf 91' lang='lat' dir='ltr'>re</span> <span class='ocrx_word' id='word_1_311' title='bbox 1985 2965 2122 3046; x_wconf 85' lang='lat' dir='ltr'>publioa</span> 
     </span>
     <span class='ocr_line' id='line_1_26' title="bbox 260 3063 2119 3154; baseline 0.002 -22"><span class='ocrx_word' id='word_1_312' title='bbox 260 3078 300 3141; x_wconf 77' lang='lat'>25</span> <span class='ocrx_word' id='word_1_313' title='bbox 321 3090 419 3154; x_wconf 86' lang='lat' dir='ltr'>posse</span> <span class='ocrx_word' id='word_1_314' title='bbox 442 3067 701 3141; x_wconf 72' lang='lat' dir='ltr'>arbitrarentur,</span> <span class='ocrx_word' id='word_1_315' title='bbox 732 3063 859 3143; x_wconf 89' lang='lat' dir='ltr'>equites</span> <span class='ocrx_word' id='word_1_316' title='bbox 884 3081 965 3122; x_wconf 79' lang='lat' dir='ltr'>vero</span> <span class='ocrx_word' id='word_1_317' title='bbox 995 3063 1165 3123; x_wconf 83' lang='lat' dir='ltr'>Romanos</span> <span class='ocrx_word' id='word_1_318' title='bbox 1190 3064 1328 3125; x_wconf 87' lang='lat' dir='ltr'>daturos</span> <span class='ocrx_word' id='word_1_319' title='bbox 1347 3064 1438 3125; x_wconf 89' lang='lat' dir='ltr'>illius</span> <span class='ocrx_word' id='word_1_320' title='bbox 1459 3063 1526 3124; x_wconf 91' lang='lat' dir='ltr'>diei</span> <span class='ocrx_word' id='word_1_321' title='bbox 1550 3083 1691 3143; x_wconf 85' lang='lat' dir='ltr'>poenas,</span> <span class='ocrx_word' id='word_1_322' title='bbox 1718 3085 1786 3144; x_wconf 93' lang='lat' dir='ltr'>quo</span> <span class='ocrx_word' id='word_1_323' title='bbox 1814 3088 1864 3130; x_wconf 87' lang='lat' dir='ltr'>me</span> <span class='ocrx_word' id='word_1_324' title='bbox 1884 3071 2021 3131; x_wconf 88' lang='lat' dir='ltr'>consule</span> <span class='ocrx_word' id='word_1_325' title='bbox 2041 3090 2119 3136; x_wconf 85' lang='lat' dir='ltr'>curn</span> 
     </span>
     <span class='ocr_line' id='line_1_27' title="bbox 315 3165 2120 3259; baseline -0.001 -22"><span class='ocrx_word' id='word_1_326' title='bbox 315 3173 434 3259; x_wconf 83' lang='lat' dir='ltr'>gladiis</span> <span class='ocrx_word' id='word_1_327' title='bbox 456 3173 491 3234; x_wconf 93' lang='lat' dir='ltr'>in</span> <span class='ocrx_word' id='word_1_328' title='bbox 513 3172 598 3236; x_wconf 88' lang='lat' dir='ltr'>clivo</span> <span class='ocrx_word' id='word_1_329' title='bbox 621 3168 809 3251; x_wconf 83' lang='lat' dir='ltr'>Capitolino</span> <span class='ocrx_word' id='word_1_330' title='bbox 830 3165 987 3246; x_wconf 71' lang='lat' dir='ltr'>luissent,</span> <span class='ocrx_word' id='word_1_331' title='bbox 1009 3166 1138 3228; x_wconf 83' lang='lat' dir='ltr'>venisse</span> <span class='ocrx_word' id='word_1_332' title='bbox 1158 3175 1288 3248; x_wconf 90' lang='lat' dir='ltr'>tempus</span> <span class='ocrx_word' id='word_1_333' title='bbox 1307 3167 1366 3247; x_wconf 91' lang='lat' dir='ltr'>iis,</span> <span class='ocrx_word' id='word_1_334' title='bbox 1386 3168 1442 3246; x_wconf 92' lang='lat' dir='ltr'>qui</span> <span class='ocrx_word' id='word_1_335' title='bbox 1455 3166 1491 3227; x_wconf 93' lang='lat' dir='ltr'>in</span> <span class='ocrx_word' id='word_1_336' title='bbox 1505 3167 1623 3229; x_wconf 90' lang='lat' dir='ltr'>timore</span> <span class='ocrx_word' id='word_1_337' title='bbox 1636 3168 1776 3232; x_wconf 81' lang='lat' dir='ltr'>luissent</span> <span class='ocrx_word' id='word_1_338' title='bbox 1787 3171 1990 3250; x_wconf 89' lang='lat' dir='ltr'>(coniuratos</span> <span class='ocrx_word' id='word_1_339' title='bbox 2002 3173 2120 3237; x_wconf 85' lang='lat' dir='ltr'>videli-</span> 
     </span>
     <span class='ocr_line' id='line_1_28' title="bbox 317 3271 2117 3359; baseline 0 -18"><span class='ocrx_word' id='word_1_340' title='bbox 317 3291 367 3342; x_wconf 88' lang='lat' dir='ltr'>cct</span> <span class='ocrx_word' id='word_1_341' title='bbox 388 3278 554 3356; x_wconf 87' lang='lat' dir='ltr'>dicebat),</span> <span class='ocrx_word' id='word_1_342' title='bbox 574 3271 755 3335; x_wconf 84' lang='lat' dir='ltr'>ulciscendi</span> <span class='ocrx_word' id='word_1_343' title='bbox 777 3272 849 3333; x_wconf 83' lang='lat' dir='ltr'>se.“</span> <span class='ocrx_word' id='word_1_344' title='bbox 885 3271 920 3332; x_wconf 85' lang='lat' dir='ltr'>Si</span> <span class='ocrx_word' id='word_1_345' title='bbox 940 3271 1074 3335; x_wconf 85' lang='lat' dir='ltr'>dixisset</span> <span class='ocrx_word' id='word_1_346' title='bbox 1094 3276 1176 3335; x_wconf 83' lang='lat' dir='ltr'>haec</span> <span class='ocrx_word' id='word_1_347' title='bbox 1195 3274 1327 3354; x_wconf 85' lang='lat' dir='ltr'>solum,</span> <span class='ocrx_word' id='word_1_348' title='bbox 1346 3272 1439 3334; x_wconf 92' lang='lat' dir='ltr'>omni</span> <span class='ocrx_word' id='word_1_349' title='bbox 1458 3273 1623 3355; x_wconf 88' lang='lat' dir='ltr'>supplicio</span> <span class='ocrx_word' id='word_1_350' title='bbox 1645 3284 1729 3336; x_wconf 89' lang='lat' dir='ltr'>esset</span> <span class='ocrx_word' id='word_1_351' title='bbox 1750 3275 1891 3359; x_wconf 89' lang='lat' dir='ltr'>dignus;</span> <span class='ocrx_word' id='word_1_352' title='bbox 1910 3297 1987 3341; x_wconf 90' lang='lat' dir='ltr'>nam</span> <span class='ocrx_word' id='word_1_353' title='bbox 2009 3280 2117 3343; x_wconf 84' lang='lat' dir='ltr'>oratio</span> 
     </span>
     <span class='ocr_line' id='line_1_29' title="bbox 314 3367 2122 3476; baseline 0 -30"><span class='ocrx_word' id='word_1_354' title='bbox 314 3385 387 3464; x_wconf 85' lang='lat' dir='ltr'>ipsa</span> <span class='ocrx_word' id='word_1_355' title='bbox 408 3382 553 3445; x_wconf 90' lang='lat' dir='ltr'>consulis</span> <span class='ocrx_word' id='word_1_356' title='bbox 575 3376 761 3458; x_wconf 89' lang='lat' dir='ltr'>perniciosa</span> <span class='ocrx_word' id='word_1_357' title='bbox 781 3384 890 3457; x_wconf 88' lang='lat' dir='ltr'>potest</span> <span class='ocrx_word' id='word_1_358' title='bbox 909 3397 979 3439; x_wconf 90' lang='lat' dir='ltr'>rem</span> <span class='ocrx_word' id='word_1_359' title='bbox 999 3367 1165 3460; x_wconf 83' lang='lat' dir='ltr'>publicam</span> <span class='ocrx_word' id='word_1_360' title='bbox 1185 3377 1401 3440; x_wconf 82' lang='lat' dir='ltr'>labefactare:</span> <span class='ocrx_word' id='word_1_361' title='bbox 1422 3377 1505 3457; x_wconf 89' lang='lat' dir='ltr'>quid</span> <span class='ocrx_word' id='word_1_362' title='bbox 1524 3377 1655 3476; x_wconf 72' lang='lat' dir='ltr'>fecerit,</span> <span class='ocrx_word' id='word_1_363' title='bbox 1675 3378 1795 3442; x_wconf 82' lang='lat' dir='ltr'>ridete.</span> <span class='ocrx_word' id='word_1_364' title='bbox 1837 3400 1886 3465; x_wconf 75' lang='lat'>29.</span> <span class='ocrx_word' id='word_1_365' title='bbox 1901 3384 1940 3444; x_wconf 89' lang='lat' dir='ltr'>L.</span> <span class='ocrx_word' id='word_1_366' title='bbox 1956 3382 2122 3464; x_wconf 81' lang='lat' dir='ltr'>Lamiam,</span> 
     </span>
     <span class='ocr_line' id='line_1_30' title="bbox 315 3480 2120 3571; baseline 0.004 -28"><span class='ocrx_word' id='word_1_367' title='bbox 315 3485 389 3563; x_wconf 91' lang='lat' dir='ltr'>qui,</span> <span class='ocrx_word' id='word_1_368' title='bbox 409 3503 483 3544; x_wconf 85' lang='lat' dir='ltr'>curn</span> <span class='ocrx_word' id='word_1_369' title='bbox 505 3502 559 3545; x_wconf 84' lang='lat' dir='ltr'>rne</span> <span class='ocrx_word' id='word_1_370' title='bbox 580 3482 690 3561; x_wconf 89' lang='lat' dir='ltr'>lpsum</span> <span class='ocrx_word' id='word_1_371' title='bbox 711 3500 774 3561; x_wconf 93' lang='lat' dir='ltr'>pro</span> <span class='ocrx_word' id='word_1_372' title='bbox 795 3500 920 3543; x_wconf 89' lang='lat' dir='ltr'>summa</span> <span class='ocrx_word' id='word_1_373' title='bbox 940 3480 1180 3560; x_wconf 78' lang='lat' dir='ltr'>familiaritate,</span> <span class='ocrx_word' id='word_1_374' title='bbox 1201 3502 1287 3561; x_wconf 91' lang='lat' dir='ltr'>quae</span> <span class='ocrx_word' id='word_1_375' title='bbox 1307 3481 1390 3544; x_wconf 89' lang='lat' dir='ltr'>mibi</span> <span class='ocrx_word' id='word_1_376' title='bbox 1409 3503 1484 3544; x_wconf 90' lang='lat' dir='ltr'>cum</span> <span class='ocrx_word' id='word_1_377' title='bbox 1503 3493 1597 3565; x_wconf 86' lang='lat' dir='ltr'>patre</span> <span class='ocrx_word' id='word_1_378' title='bbox 1617 3483 1689 3545; x_wconf 89' lang='lat' dir='ltr'>eius</span> <span class='ocrx_word' id='word_1_379' title='bbox 1709 3494 1801 3565; x_wconf 89' lang='lat' dir='ltr'>erat,</span> <span class='ocrx_word' id='word_1_380' title='bbox 1820 3487 1918 3548; x_wconf 86' lang='lat' dir='ltr'>unice</span> <span class='ocrx_word' id='word_1_381' title='bbox 1939 3487 2120 3571; x_wconf 81' lang='lat' dir='ltr'>diligebat,</span> 
     </span>
     <span class='ocr_line' id='line_1_31' title="bbox 246 3584 2120 3675; baseline 0.004 -26"><span class='ocrx_word' id='word_1_382' title='bbox 246 3597 297 3675; x_wconf 73' lang='grc' dir='ltr'>Ι,11)</span> <span class='ocrx_word' id='word_1_383' title='bbox 318 3600 386 3650; x_wconf 90' lang='lat' dir='ltr'>tum</span> <span class='ocrx_word' id='word_1_384' title='bbox 409 3605 471 3667; x_wconf 90' lang='lat' dir='ltr'>pro</span> <span class='ocrx_word' id='word_1_385' title='bbox 492 3606 530 3646; x_wconf 83' lang='lat' dir='ltr'>re</span> <span class='ocrx_word' id='word_1_386' title='bbox 550 3585 684 3666; x_wconf 89' lang='lat' dir='ltr'>publica</span> <span class='ocrx_word' id='word_1_387' title='bbox 704 3586 756 3645; x_wconf 81' lang='lat' dir='ltr'>vel</span> <span class='ocrx_word' id='word_1_388' title='bbox 780 3594 921 3646; x_wconf 89' lang='lat' dir='ltr'>mortem</span> <span class='ocrx_word' id='word_1_389' title='bbox 941 3595 1100 3666; x_wconf 89' lang='lat' dir='ltr'>oppetere</span> <span class='ocrx_word' id='word_1_390' title='bbox 1119 3586 1294 3666; x_wconf 87' lang='lat' dir='ltr'>cupiebat,</span> <span class='ocrx_word' id='word_1_391' title='bbox 1314 3584 1350 3646; x_wconf 94' lang='lat' dir='ltr'>in</span> <span class='ocrx_word' id='word_1_392' title='bbox 1371 3587 1528 3649; x_wconf 89' lang='lat' dir='ltr'>contione</span> <span class='ocrx_word' id='word_1_393' title='bbox 1540 3587 1700 3671; x_wconf 82' lang='lat' dir='ltr'>relegavit</span> <span class='ocrx_word' id='word_1_394' title='bbox 1717 3589 1902 3668; x_wconf 82' lang='lat' dir='ltr'>edixitque,</span> <span class='ocrx_word' id='word_1_395' title='bbox 1922 3593 2012 3651; x_wconf 90' lang='lat' dir='ltr'>utab</span> <span class='ocrx_word' id='word_1_396' title='bbox 2027 3594 2120 3656; x_wconf 88' lang='lat' dir='ltr'>Urbe</span> 
     </span>
     <span class='ocr_line' id='line_1_32' title="bbox 316 3682 2117 3779; baseline 0.003 -24"><span class='ocrx_word' id='word_1_397' title='bbox 316 3695 446 3756; x_wconf 90' lang='lat' dir='ltr'>abesset</span> <span class='ocrx_word' id='word_1_398' title='bbox 466 3691 558 3753; x_wconf 90' lang='lat' dir='ltr'>milia</span> <span class='ocrx_word' id='word_1_399' title='bbox 577 3709 738 3772; x_wconf 88' lang='lat' dir='ltr'>passuum</span> <span class='ocrx_word' id='word_1_400' title='bbox 760 3692 918 3771; x_wconf 87' lang='lat' dir='ltr'>ducenta,</span> <span class='ocrx_word' id='word_1_401' title='bbox 940 3694 1030 3770; x_wconf 93' lang='lat' dir='ltr'>quod</span> <span class='ocrx_word' id='word_1_402' title='bbox 1051 3703 1136 3754; x_wconf 89' lang='lat' dir='ltr'>esset</span> <span class='ocrx_word' id='word_1_403' title='bbox 1156 3712 1255 3764; x_wconf 89' lang='lat' dir='ltr'>ausus</span> <span class='ocrx_word' id='word_1_404' title='bbox 1276 3714 1339 3774; x_wconf 88' lang='lat' dir='ltr'>pro</span> <span class='ocrx_word' id='word_1_405' title='bbox 1360 3691 1450 3772; x_wconf 84' lang='lat' dir='ltr'>cive,</span> <span class='ocrx_word' id='word_1_406' title='bbox 1468 3713 1530 3773; x_wconf 89' lang='lat' dir='ltr'>pro</span> <span class='ocrx_word' id='word_1_407' title='bbox 1550 3682 1637 3763; x_wconf 80' lang='lat' dir='ltr'>bene</span> <span class='ocrx_word' id='word_1_408' title='bbox 1657 3693 1775 3755; x_wconf 85' lang='lat' dir='ltr'>merito</span> <span class='ocrx_word' id='word_1_409' title='bbox 1797 3697 1890 3774; x_wconf 85' lang='lat' dir='ltr'>cive,</span> <span class='ocrx_word' id='word_1_410' title='bbox 1908 3715 1971 3777; x_wconf 81' lang='lat' dir='ltr'>pro</span> <span class='ocrx_word' id='word_1_411' title='bbox 1991 3697 2117 3779; x_wconf 86' lang='lat' dir='ltr'>amico,</span> 
     </span>
     <span class='ocr_line' id='line_1_33' title="bbox 256 3791 1133 3889; baseline -0.009 -29"><span class='ocrx_word' id='word_1_412' title='bbox 256 3832 259 3837; x_wconf 95' lang='lat'>·</span> <span class='ocrx_word' id='word_1_413' title='bbox 315 3818 379 3889; x_wconf 81' lang='lat' dir='ltr'>pro</span> <span class='ocrx_word' id='word_1_414' title='bbox 400 3818 437 3860; x_wconf 89' lang='lat' dir='ltr'>re</span> <span class='ocrx_word' id='word_1_415' title='bbox 458 3797 593 3878; x_wconf 87' lang='lat' dir='ltr'>publica</span> <span class='ocrx_word' id='word_1_416' title='bbox 618 3795 799 3876; x_wconf 88' lang='lat' dir='ltr'>deprecari.</span> <span class='ocrx_word' id='word_1_417' title='bbox 1130 3791 1133 3795; x_wconf 78' lang='grc'><strong>’</strong></span> 
     </span>
    </p>
   </div>
   <div class='ocr_carea' id='block_1_5' title="bbox 215 4021 2117 4349">
    <p class='ocr_par' dir='ltr' id='par_1_5' title="bbox 215 4021 2117 4349">
     <span class='ocr_line' id='line_1_34' title="bbox 384 4021 2115 4101; baseline 0.001 -23"><span class='ocrx_word' id='word_1_418' title='bbox 384 4022 466 4078; x_wconf 70' lang='lat' dir='ltr'>Eud.</span> <span class='ocrx_word' id='word_1_419' title='bbox 488 4023 526 4078; x_wconf 68' lang='grc'><strong>’7.</strong></span> <span class='ocrx_word' id='word_1_420' title='bbox 546 4028 641 4077; x_wconf 82' lang='lat' dir='ltr'>amisit.</span> <span class='ocrx_word' id='word_1_421' title='bbox 678 4021 743 4077; x_wconf 75' lang='lat' dir='ltr'>Cum</span> <span class='ocrx_word' id='word_1_422' title='bbox 767 4031 872 4078; x_wconf 57' lang='lat' dir='ltr'>veniret</span> <span class='ocrx_word' id='word_1_423' title='bbox 895 4027 932 4076; x_wconf 85' lang='lat' dir='ltr'>nd</span> <span class='ocrx_word' id='word_1_424' title='bbox 947 4037 1062 4077; x_wconf 80' lang='lat' dir='ltr'>renatum</span> <span class='ocrx_word' id='word_1_425' title='bbox 1085 4042 1144 4083; x_wconf 76' lang='lat' dir='ltr'>tos,</span> <span class='ocrx_word' id='word_1_426' title='bbox 1169 4029 1287 4096; x_wconf 78' lang='lat' dir='ltr'>inquere,</span> <span class='ocrx_word' id='word_1_427' title='bbox 1305 4028 1404 4097; x_wconf 80' lang='lat' dir='ltr'>equites</span> <span class='ocrx_word' id='word_1_428' title='bbox 1424 4024 1455 4075; x_wconf 73' lang='lat' dir='ltr'>tt</span> <span class='ocrx_word' id='word_1_429' title='bbox 1472 4036 1498 4076; x_wconf 86' lang='lat' dir='ltr'>et</span> <span class='ocrx_word' id='word_1_430' title='bbox 1521 4043 1545 4075; x_wconf 87' lang='grc' dir='ltr'>ο.</span> <span class='ocrx_word' id='word_1_431' title='bbox 1568 4026 1593 4075; x_wconf 78' lang='lat' dir='ltr'>l.</span> <span class='ocrx_word' id='word_1_432' title='bbox 1612 4034 1679 4075; x_wconf 76' lang='lat' dir='ltr'>reste</span> <span class='ocrx_word' id='word_1_433' title='bbox 1704 4036 1819 4086; x_wconf 77' lang='lat' dir='ltr'>mutata,</span> <span class='ocrx_word' id='word_1_434' title='bbox 1847 4044 1908 4087; x_wconf 81' lang='lat' dir='ltr'>uos,</span> <span class='ocrx_word' id='word_1_435' title='bbox 1936 4032 2043 4099; x_wconf 81' lang='lat' dir='ltr'>inquam</span> <span class='ocrx_word' id='word_1_436' title='bbox 2063 4049 2115 4101; x_wconf 82' lang='lat' dir='ltr'>pre</span> 
     </span>
     <span class='ocr_line' id='line_1_35' title="bbox 316 4110 2117 4181; baseline -0.001 -18"><span class='ocrx_word' id='word_1_437' title='bbox 316 4117 617 4181; x_wconf 82' lang='lat' dir='ltr'>·-—···-·proiecistr&#39;s,</span> <span class='ocrx_word' id='word_1_438' title='bbox 650 4129 722 4172; x_wconf 82' lang='lat' dir='ltr'>eunt,</span> <span class='ocrx_word' id='word_1_439' title='bbox 748 4117 839 4162; x_wconf 84' lang='lat' dir='ltr'>vestris</span> <span class='ocrx_word' id='word_1_440' title='bbox 863 4132 890 4181; x_wconf 82' lang='lat' dir='ltr'>p.</span> <span class='ocrx_word' id='word_1_441' title='bbox 922 4111 955 4162; x_wconf 78' lang='lat' dir='ltr'>ab</span> <span class='ocrx_word' id='word_1_442' title='bbox 982 4111 1001 4161; x_wconf 93' lang='lat' dir='ltr'>l.</span> <span class='ocrx_word' id='word_1_443' title='bbox 1030 4111 1078 4162; x_wconf 84' lang='lat' dir='ltr'>illo</span> <span class='ocrx_word' id='word_1_444' title='bbox 1108 4111 1267 4180; x_wconf 81' lang='lat' dir='ltr'>repudiatis,</span> <span class='ocrx_word' id='word_1_445' title='bbox 1301 4117 1343 4162; x_wconf 87' lang='lat' dir='ltr'>uir</span> <span class='ocrx_word' id='word_1_446' title='bbox 1386 4111 1427 4163; x_wconf 86' lang='grc'>16.</span> <span class='ocrx_word' id='word_1_447' title='bbox 1453 4127 1532 4158; x_wconf 78' lang='lat' dir='ltr'>causa</span> <span class='ocrx_word' id='word_1_448' title='bbox 1564 4122 1601 4160; x_wconf 87' lang='lat' dir='ltr'>est</span> <span class='ocrx_word' id='word_1_449' title='bbox 1645 4110 1686 4163; x_wconf 85' lang='grc'>22.</span> <span class='ocrx_word' id='word_1_450' title='bbox 1701 4116 1792 4181; x_wconf 82' lang='lat' dir='ltr'>paucis</span> <span class='ocrx_word' id='word_1_451' title='bbox 1814 4124 1873 4162; x_wconf 81' lang='lat' dir='ltr'>onte</span> <span class='ocrx_word' id='word_1_452' title='bbox 1888 4117 1964 4163; x_wconf 84' lang='lat' dir='ltr'>aunis</span> <span class='ocrx_word' id='word_1_453' title='bbox 1999 4114 2042 4169; x_wconf 64' lang='lat'>27,</span> <span class='ocrx_word' id='word_1_454' title='bbox 2069 4116 2117 4168; x_wconf 69' lang='lat' dir='ltr'>hoc</span> 
     </span>
     <span class='ocr_line' id='line_1_36' title="bbox 215 4184 2117 4276; baseline 0.002 -28"><span class='ocrx_word' id='word_1_455' title='bbox 215 4184 228 4203; x_wconf 43' lang='lat'>&#39;¹</span> <span class='ocrx_word' id='word_1_456' title='bbox 318 4197 361 4249; x_wconf 77' lang='lat'>29.</span> <span class='ocrx_word' id='word_1_457' title='bbox 378 4217 444 4267; x_wconf 82' lang='lat' dir='ltr'>quae</span> <span class='ocrx_word' id='word_1_458' title='bbox 461 4198 527 4249; x_wconf 69' lang='lat' dir='ltr'>arilei</span> <span class='ocrx_word' id='word_1_459' title='bbox 543 4217 600 4249; x_wconf 80' lang='lat' dir='ltr'>cunt</span> <span class='ocrx_word' id='word_1_460' title='bbox 613 4200 717 4266; x_wconf 80' lang='lat' dir='ltr'>fratre,</span> <span class='ocrx_word' id='word_1_461' title='bbox 739 4216 796 4248; x_wconf 88' lang='lat' dir='ltr'>cum</span> <span class='ocrx_word' id='word_1_462' title='bbox 809 4201 950 4267; x_wconf 81' lang='lat' dir='ltr'>petrecius</span> <span class='ocrx_word' id='word_1_463' title='bbox 967 4210 1023 4258; x_wconf 80' lang='lat' dir='ltr'>erat</span> <span class='ocrx_word' id='word_1_464' title='bbox 1040 4197 1118 4267; x_wconf 81' lang='lat' dir='ltr'>(quae</span> <span class='ocrx_word' id='word_1_465' title='bbox 1133 4196 1266 4249; x_wconf 74' lang='lat' dir='ltr'>aeilricum</span> <span class='ocrx_word' id='word_1_466' title='bbox 1280 4209 1357 4268; x_wconf 80' lang='lat' dir='ltr'>patre</span> <span class='ocrx_word' id='word_1_467' title='bbox 1373 4201 1494 4258; x_wconf 72' lang='lat' dir='ltr'>eluserat</span> <span class='ocrx_word' id='word_1_468' title='bbox 1511 4195 1545 4255; x_wconf 89' lang='lat' dir='ltr'>b,</span> <span class='ocrx_word' id='word_1_469' title='bbox 1564 4209 1593 4246; x_wconf 87' lang='lat' dir='ltr'>ut</span> <span class='ocrx_word' id='word_1_470' title='bbox 1611 4198 1728 4254; x_wconf 85' lang='lat' dir='ltr'>coniecit</span> <span class='ocrx_word' id='word_1_471' title='bbox 1744 4197 1877 4276; x_wconf 79' lang='lat' dir='ltr'>Madvig.)</span> <span class='ocrx_word' id='word_1_472' title='bbox 1911 4199 1954 4254; x_wconf 84' lang='grc'>31.</span> <span class='ocrx_word' id='word_1_473' title='bbox 1972 4204 2117 4252; x_wconf 78' lang='lat' dir='ltr'>civi--</span> 
     </span>
     <span class='ocr_line' id='line_1_37' title="bbox 315 4279 1294 4349; baseline 0.005 -19"><span class='ocrx_word' id='word_1_474' title='bbox 315 4285 368 4337; x_wconf 81' lang='lat' dir='ltr'>ciui</span> <span class='ocrx_word' id='word_1_475' title='bbox 383 4279 448 4345; x_wconf 80' lang='lat' dir='ltr'>(cive</span> <span class='ocrx_word' id='word_1_476' title='bbox 464 4308 500 4322; x_wconf 82' lang='lat'>-</span> <span class='ocrx_word' id='word_1_477' title='bbox 517 4311 553 4323; x_wconf 80' lang='lat'>·-</span> <span class='ocrx_word' id='word_1_478' title='bbox 569 4289 625 4349; x_wconf 71' lang='lat' dir='ltr'>cive</span> <span class='ocrx_word' id='word_1_479' title='bbox 643 4285 703 4343; x_wconf 76' lang='lat' dir='ltr'>Vnt.</span> <span class='ocrx_word' id='word_1_480' title='bbox 721 4281 812 4347; x_wconf 73' lang='lat' dir='ltr'>abed.)</span> <span class='ocrx_word' id='word_1_481' title='bbox 1291 4285 1294 4290; x_wconf 84' lang='grc'><strong>’</strong></span> 
     </span>
    </p>
   </div>
   <div class='ocr_carea' id='block_1_6' title="bbox 258 4388 2116 5148">
    <p class='ocr_par' dir='ltr' id='par_1_6' title="bbox 317 4388 2116 4819">
     <span class='ocr_line' id='line_1_38' title="bbox 385 4388 2113 4478; baseline 0.006 -29"><span class='ocrx_word' id='word_1_482' title='bbox 385 4398 513 4453; x_wconf 84' lang='lat' dir='ltr'>LEC&#39;l&#39;l&#39;.</span> <span class='ocrx_word' id='word_1_483' title='bbox 548 4401 627 4455; x_wconf 81' lang='lat' dir='ltr'>abed.</span> <span class='ocrx_word' id='word_1_484' title='bbox 655 4406 680 4458; x_wconf 85' lang='grc'>6.</span> <span class='ocrx_word' id='word_1_485' title='bbox 697 4421 797 4474; x_wconf 75' lang='lat' dir='ltr'>preces,</span> <span class='ocrx_word' id='word_1_486' title='bbox 816 4388 1034 4472; x_wconf 67' lang='lat' dir='ltr'>antplbsr&#39;niorurs</span> <span class='ocrx_word' id='word_1_487' title='bbox 1050 4404 1147 4452; x_wconf 81' lang='lat' dir='ltr'>civium</span> <span class='ocrx_word' id='word_1_488' title='bbox 1164 4419 1188 4453; x_wconf 85' lang='lat' dir='ltr'>a.</span> <span class='ocrx_word' id='word_1_489' title='bbox 1202 4416 1289 4470; x_wconf 75' lang='lat' dir='ltr'>preces</span> <span class='ocrx_word' id='word_1_490' title='bbox 1306 4408 1333 4456; x_wconf 84' lang='lat' dir='ltr'>et</span> <span class='ocrx_word' id='word_1_491' title='bbox 1347 4401 1567 4470; x_wconf 72' lang='lat' dir='ltr'>anepliesr&#39;esorum</span> <span class='ocrx_word' id='word_1_492' title='bbox 1582 4404 1677 4456; x_wconf 67' lang='lat' dir='ltr'>aidum</span> <span class='ocrx_word' id='word_1_493' title='bbox 1693 4421 1717 4455; x_wconf 86' lang='lat' dir='ltr'>e.</span> <span class='ocrx_word' id='word_1_494' title='bbox 1738 4421 1793 4456; x_wconf 88' lang='lat' dir='ltr'>non</span> <span class='ocrx_word' id='word_1_495' title='bbox 1805 4403 1853 4457; x_wconf 90' lang='lat' dir='ltr'>bd.</span> <span class='ocrx_word' id='word_1_496' title='bbox 1887 4406 1913 4463; x_wconf 87' lang='lat'>7.</span> <span class='ocrx_word' id='word_1_497' title='bbox 1931 4419 1987 4459; x_wconf 86' lang='lat' dir='ltr'>tum</span> <span class='ocrx_word' id='word_1_498' title='bbox 1998 4411 2077 4478; x_wconf 74' lang='lat' dir='ltr'>queri</span> <span class='ocrx_word' id='word_1_499' title='bbox 2088 4425 2113 4463; x_wconf 83' lang='lat' dir='ltr'>e.</span> 
     </span>
     <span class='ocr_line' id='line_1_39' title="bbox 317 4485 2113 4561; baseline 0.003 -24"><span class='ocrx_word' id='word_1_500' title='bbox 317 4485 388 4537; x_wconf 86' lang='lat' dir='ltr'>ibid.</span> <span class='ocrx_word' id='word_1_501' title='bbox 406 4489 502 4538; x_wconf 78' lang='lat' dir='ltr'>arrisit.</span> <span class='ocrx_word' id='word_1_502' title='bbox 538 4487 569 4537; x_wconf 87' lang='lat' dir='ltr'><em>V</em></span> <span class='ocrx_word' id='word_1_503' title='bbox 566 4507 608 4547; x_wconf 82' lang='lat' dir='ltr'>er,</span> <span class='ocrx_word' id='word_1_504' title='bbox 626 4494 731 4560; x_wconf 84' lang='lat' dir='ltr'>inquam</span> <span class='ocrx_word' id='word_1_505' title='bbox 747 4495 844 4561; x_wconf 78' lang='lat' dir='ltr'>equites</span> <span class='ocrx_word' id='word_1_506' title='bbox 861 4489 894 4539; x_wconf 77' lang='lat' dir='ltr'>tl.</span> <span class='ocrx_word' id='word_1_507' title='bbox 912 4499 937 4538; x_wconf 90' lang='lat' dir='ltr'>et</span> <span class='ocrx_word' id='word_1_508' title='bbox 954 4506 1038 4540; x_wconf 86' lang='lat' dir='ltr'>omnes</span> <span class='ocrx_word' id='word_1_509' title='bbox 1050 4488 1114 4539; x_wconf 84' lang='lat' dir='ltr'>boni</span> <span class='ocrx_word' id='word_1_510' title='bbox 1128 4499 1193 4538; x_wconf 81' lang='lat' dir='ltr'>veste</span> <span class='ocrx_word' id='word_1_511' title='bbox 1207 4498 1322 4545; x_wconf 81' lang='lat' dir='ltr'>mutata,</span> <span class='ocrx_word' id='word_1_512' title='bbox 1339 4505 1401 4547; x_wconf 85' lang='lat' dir='ltr'>uos,</span> <span class='ocrx_word' id='word_1_513' title='bbox 1419 4492 1526 4559; x_wconf 83' lang='lat' dir='ltr'>inquam</span> <span class='ocrx_word' id='word_1_514' title='bbox 1535 4508 1584 4557; x_wconf 83' lang='lat' dir='ltr'>pro</span> <span class='ocrx_word' id='word_1_515' title='bbox 1598 4515 1634 4526; x_wconf 90' lang='lat'>·-</span> <span class='ocrx_word' id='word_1_516' title='bbox 1644 4515 1681 4538; x_wconf 56' lang='grc' dir='ltr'>-η</span> <span class='ocrx_word' id='word_1_517' title='bbox 1691 4513 1725 4528; x_wconf 73' lang='lat'>-</span> <span class='ocrx_word' id='word_1_518' title='bbox 1736 4493 1870 4561; x_wconf 74' lang='lat' dir='ltr'>repudiati</span> <span class='ocrx_word' id='word_1_519' title='bbox 1883 4499 1952 4550; x_wconf 64' lang='lat' dir='ltr'>ertia.</span> <span class='ocrx_word' id='word_1_520' title='bbox 1987 4493 2043 4546; x_wconf 83' lang='lat' dir='ltr'>Vir</span> <span class='ocrx_word' id='word_1_521' title='bbox 2053 4492 2113 4547; x_wconf 81' lang='lat' dir='ltr'>aba.</span> 
     </span>
     <span class='ocr_line' id='line_1_40' title="bbox 318 4565 2114 4648; baseline 0.004 -27"><span class='ocrx_word' id='word_1_522' title='bbox 318 4575 411 4623; x_wconf 83' lang='lat' dir='ltr'>amisit.</span> <span class='ocrx_word' id='word_1_523' title='bbox 449 4565 514 4621; x_wconf 83' lang='lat' dir='ltr'>Cum</span> <span class='ocrx_word' id='word_1_524' title='bbox 530 4574 639 4622; x_wconf 81' lang='lat' dir='ltr'>uenisset</span> <span class='ocrx_word' id='word_1_525' title='bbox 655 4575 691 4623; x_wconf 85' lang='lat' dir='ltr'>ad</span> <span class='ocrx_word' id='word_1_526' title='bbox 706 4587 837 4635; x_wconf 81' lang='lat' dir='ltr'>senatum,</span> <span class='ocrx_word' id='word_1_527' title='bbox 855 4591 916 4634; x_wconf 84' lang='lat' dir='ltr'>vos,</span> <span class='ocrx_word' id='word_1_528' title='bbox 934 4579 1054 4646; x_wconf 78' lang='lat' dir='ltr'>inquam,</span> <span class='ocrx_word' id='word_1_529' title='bbox 1071 4578 1169 4644; x_wconf 82' lang='lat' dir='ltr'>equites</span> <span class='ocrx_word' id='word_1_530' title='bbox 1187 4572 1241 4641; x_wconf 69' lang='grc' dir='ltr'>11..Ι</span> <span class='ocrx_word' id='word_1_531' title='bbox 1252 4584 1278 4624; x_wconf 84' lang='lat' dir='ltr'>et</span> <span class='ocrx_word' id='word_1_532' title='bbox 1294 4590 1379 4623; x_wconf 79' lang='lat' dir='ltr'>omnes</span> <span class='ocrx_word' id='word_1_533' title='bbox 1396 4575 1458 4628; x_wconf 79' lang='lat' dir='ltr'>boni</span> <span class='ocrx_word' id='word_1_534' title='bbox 1473 4585 1543 4624; x_wconf 82' lang='lat' dir='ltr'>veste</span> <span class='ocrx_word' id='word_1_535' title='bbox 1562 4587 1660 4626; x_wconf 84' lang='lat' dir='ltr'>mutata</span> <span class='ocrx_word' id='word_1_536' title='bbox 1679 4594 1738 4636; x_wconf 84' lang='lat' dir='ltr'>uos,</span> <span class='ocrx_word' id='word_1_537' title='bbox 1765 4580 1887 4648; x_wconf 81' lang='lat' dir='ltr'>inquam,</span> <span class='ocrx_word' id='word_1_538' title='bbox 1909 4597 1960 4647; x_wconf 84' lang='lat' dir='ltr'>pro</span> <span class='ocrx_word' id='word_1_539' title='bbox 1975 4603 2014 4617; x_wconf 58' lang='grc'>’-</span> <span class='ocrx_word' id='word_1_540' title='bbox 2027 4603 2065 4616; x_wconf 91' lang='lat'>·-</span> <span class='ocrx_word' id='word_1_541' title='bbox 2078 4603 2114 4617; x_wconf 86' lang='lat'>-</span> 
     </span>
     <span class='ocr_line' id='line_1_41' title="bbox 317 4652 2116 4733; baseline 0.006 -30"><span class='ocrx_word' id='word_1_542' title='bbox 317 4655 533 4727; x_wconf 73' lang='lat' dir='ltr'>iucrepudiatis„</span> <span class='ocrx_word' id='word_1_543' title='bbox 549 4652 631 4716; x_wconf 84' lang='lat' dir='ltr'>vird,</span> <span class='ocrx_word' id='word_1_544' title='bbox 667 4658 709 4721; x_wconf 81' lang='lat'>10,</span> <span class='ocrx_word' id='word_1_545' title='bbox 726 4655 963 4724; x_wconf 68' lang='lat' dir='ltr'>Mummiusabcd</span> <span class='ocrx_word' id='word_1_546' title='bbox 996 4660 1096 4728; x_wconf 68' lang='lat' dir='ltr'>llam</span> <span class='ocrx_word' id='word_1_547' title='bbox 1108 4676 1208 4717; x_wconf 81' lang='lat' dir='ltr'>meune</span> <span class='ocrx_word' id='word_1_548' title='bbox 1220 4662 1275 4713; x_wconf 82' lang='lat' dir='ltr'>ciue</span> <span class='ocrx_word' id='word_1_549' title='bbox 1287 4659 1346 4717; x_wconf 84' lang='lat' dir='ltr'>ebe.</span> <span class='ocrx_word' id='word_1_550' title='bbox 1358 4676 1413 4713; x_wconf 86' lang='lat' dir='ltr'>non</span> <span class='ocrx_word' id='word_1_551' title='bbox 1427 4657 1453 4715; x_wconf 81' lang='lat' dir='ltr'>d·</span> <span class='ocrx_word' id='word_1_552' title='bbox 1491 4661 1532 4733; x_wconf 78' lang='lat'>16.</span> <span class='ocrx_word' id='word_1_553' title='bbox 1549 4660 1748 4730; x_wconf 66' lang='lat' dir='ltr'>ramaoetabc.</span> <span class='ocrx_word' id='word_1_554' title='bbox 1761 4678 1816 4715; x_wconf 86' lang='lat' dir='ltr'>non</span> <span class='ocrx_word' id='word_1_555' title='bbox 1828 4660 1855 4730; x_wconf 79' lang='lat' dir='ltr'>d,</span> <span class='ocrx_word' id='word_1_556' title='bbox 1892 4659 1964 4714; x_wconf 85' lang='lat' dir='ltr'>lbid.</span> <span class='ocrx_word' id='word_1_557' title='bbox 1982 4663 2116 4732; x_wconf 75' lang='lat' dir='ltr'>deprecari</span> 
     </span>
     <span class='ocr_line' id='line_1_42' title="bbox 318 4730 2112 4819; baseline 0.006 -32"><span class='ocrx_word' id='word_1_558' title='bbox 318 4755 345 4788; x_wconf 87' lang='lat' dir='ltr'>se</span> <span class='ocrx_word' id='word_1_559' title='bbox 360 4757 420 4791; x_wconf 83' lang='lat' dir='ltr'>cum</span> <span class='ocrx_word' id='word_1_560' title='bbox 434 4759 459 4795; x_wconf 80' lang='lat' dir='ltr'>a.</span> <span class='ocrx_word' id='word_1_561' title='bbox 483 4743 615 4811; x_wconf 80' lang='lat' dir='ltr'>deprecari</span> <span class='ocrx_word' id='word_1_562' title='bbox 634 4753 711 4804; x_wconf 80' lang='lat' dir='ltr'>esset,</span> <span class='ocrx_word' id='word_1_563' title='bbox 736 4760 794 4793; x_wconf 85' lang='lat' dir='ltr'>cum</span> <span class='ocrx_word' id='word_1_564' title='bbox 811 4761 834 4804; x_wconf 75' lang='lat' dir='ltr'>e.</span> <span class='ocrx_word' id='word_1_565' title='bbox 869 4741 910 4810; x_wconf 82' lang='lat' dir='ltr'>Ut</span> <span class='ocrx_word' id='word_1_566' title='bbox 927 4760 991 4806; x_wconf 87' lang='lat' dir='ltr'>nos,</span> <span class='ocrx_word' id='word_1_567' title='bbox 1007 4742 1056 4799; x_wconf 67' lang='lat' dir='ltr'>bd.</span> <span class='ocrx_word' id='word_1_568' title='bbox 1089 4744 1131 4799; x_wconf 83' lang='lat'>18.</span> <span class='ocrx_word' id='word_1_569' title='bbox 1140 4747 1221 4817; x_wconf 72' lang='lat' dir='ltr'>facto</span> <span class='ocrx_word' id='word_1_570' title='bbox 1237 4749 1315 4802; x_wconf 76' lang='lat' dir='ltr'>vestie</span> <span class='ocrx_word' id='word_1_571' title='bbox 1330 4745 1390 4799; x_wconf 85' lang='lat' dir='ltr'>abe.</span> <span class='ocrx_word' id='word_1_572' title='bbox 1407 4761 1464 4797; x_wconf 89' lang='lat' dir='ltr'>non</span> <span class='ocrx_word' id='word_1_573' title='bbox 1485 4745 1513 4799; x_wconf 91' lang='lat' dir='ltr'>d.</span> <span class='ocrx_word' id='word_1_574' title='bbox 1548 4745 1590 4803; x_wconf 82' lang='grc'>26.</span> <span class='ocrx_word' id='word_1_575' title='bbox 1614 4749 1663 4817; x_wconf 85' lang='lat' dir='ltr'>qui</span> <span class='ocrx_word' id='word_1_576' title='bbox 1685 4764 1725 4799; x_wconf 84' lang='lat' dir='ltr'>me</span> <span class='ocrx_word' id='word_1_577' title='bbox 1746 4746 1876 4809; x_wconf 73' lang='lat' dir='ltr'>consulem</span> <span class='ocrx_word' id='word_1_578' title='bbox 1892 4763 1951 4801; x_wconf 80' lang='lat' dir='ltr'>cum</span> <span class='ocrx_word' id='word_1_579' title='bbox 1969 4730 2068 4819; x_wconf 73' lang='lat' dir='ltr'>gladiis</span> <span class='ocrx_word' id='word_1_580' title='bbox 2085 4751 2112 4797; x_wconf 79' lang='lat' dir='ltr'>in</span> 
     </span>
    </p>

    <p class='ocr_par' dir='ltr' id='par_1_7' title="bbox 258 4820 2113 5148">
     <span class='ocr_line' id='line_1_43' title="bbox 258 4820 2113 4902; baseline 0.004 -29"><span class='ocrx_word' id='word_1_581' title='bbox 258 4820 261 4825; x_wconf 74' lang='grc'><strong>’</strong></span> <span class='ocrx_word' id='word_1_582' title='bbox 321 4820 482 4891; x_wconf 73' lang='lat' dir='ltr'>Capitolium</span> <span class='ocrx_word' id='word_1_583' title='bbox 506 4828 568 4879; x_wconf 83' lang='lat' dir='ltr'>duci</span> <span class='ocrx_word' id='word_1_584' title='bbox 578 4830 703 4897; x_wconf 78' lang='lat' dir='ltr'>fecissent</span> <span class='ocrx_word' id='word_1_585' title='bbox 720 4844 759 4889; x_wconf 77' lang='lat' dir='ltr'>ac,</span> <span class='ocrx_word' id='word_1_586' title='bbox 778 4843 834 4879; x_wconf 91' lang='lat' dir='ltr'>non</span> <span class='ocrx_word' id='word_1_587' title='bbox 852 4825 898 4881; x_wconf 78' lang='lat' dir='ltr'>bd.</span> <span class='ocrx_word' id='word_1_588' title='bbox 935 4827 978 4893; x_wconf 83' lang='grc'>27.</span> <span class='ocrx_word' id='word_1_589' title='bbox 995 4835 1135 4890; x_wconf 73' lang='lat' dir='ltr'>coniuratis</span> <span class='ocrx_word' id='word_1_590' title='bbox 1153 4857 1187 4879; x_wconf 60' lang='lat' dir='ltr'>n-</span> <span class='ocrx_word' id='word_1_591' title='bbox 1204 4857 1241 4879; x_wconf 71' lang='lat' dir='ltr'>m</span> <span class='ocrx_word' id='word_1_592' title='bbox 1261 4832 1419 4897; x_wconf 65' lang='lat' dir='ltr'>ulciscendis.</span> <span class='ocrx_word' id='word_1_593' title='bbox 1454 4829 1484 4892; x_wconf 81' lang='lat' dir='ltr'>Si</span> <span class='ocrx_word' id='word_1_594' title='bbox 1500 4849 1523 4883; x_wconf 84' lang='lat' dir='ltr'>u.</span> <span class='ocrx_word' id='word_1_595' title='bbox 1541 4828 1711 4902; x_wconf 72' lang='lat' dir='ltr'>(coniuratos</span> <span class='ocrx_word' id='word_1_596' title='bbox 1727 4850 1753 4885; x_wconf 84' lang='lat' dir='ltr'>v.</span> <span class='ocrx_word' id='word_1_597' title='bbox 1771 4829 1808 4891; x_wconf 87' lang='lat' dir='ltr'>d.)</span> <span class='ocrx_word' id='word_1_598' title='bbox 1827 4831 1987 4888; x_wconf 77' lang='lat' dir='ltr'>ulciscendis.</span> <span class='ocrx_word' id='word_1_599' title='bbox 2017 4827 2062 4890; x_wconf 77' lang='lat' dir='ltr'>St,</span> <span class='ocrx_word' id='word_1_600' title='bbox 2082 4827 2113 4887; x_wconf 87' lang='lat' dir='ltr'>d.</span> 
     </span>
     <span class='ocr_line' id='line_1_44' title="bbox 319 4903 2111 4995; baseline 0.009 -40"><span class='ocrx_word' id='word_1_601' title='bbox 319 4903 444 4970; x_wconf 78' lang='lat' dir='ltr'>Usum,</span> <span class='ocrx_word' id='word_1_602' title='bbox 462 4909 504 4962; x_wconf 89' lang='lat' dir='ltr'>bc.</span> <span class='ocrx_word' id='word_1_603' title='bbox 540 4912 581 4966; x_wconf 84' lang='lat'>27.</span> <span class='ocrx_word' id='word_1_604' title='bbox 601 4913 649 4966; x_wconf 81' lang='lat' dir='ltr'>bos</span> <span class='ocrx_word' id='word_1_605' title='bbox 664 4913 726 4967; x_wconf 84' lang='lat' dir='ltr'>ebe.</span> <span class='ocrx_word' id='word_1_606' title='bbox 744 4930 800 4969; x_wconf 85' lang='lat' dir='ltr'>non</span> <span class='ocrx_word' id='word_1_607' title='bbox 818 4911 846 4965; x_wconf 83' lang='lat' dir='ltr'>d.</span> <span class='ocrx_word' id='word_1_608' title='bbox 882 4913 925 4984; x_wconf 82' lang='lat'>28,</span> <span class='ocrx_word' id='word_1_609' title='bbox 942 4915 1031 4969; x_wconf 82' lang='lat' dir='ltr'>videte.</span> <span class='ocrx_word' id='word_1_610' title='bbox 1066 4917 1148 4974; x_wconf 81' lang='lat' dir='ltr'>Illum</span> <span class='ocrx_word' id='word_1_611' title='bbox 1165 4921 1230 4981; x_wconf 76' lang='lat' dir='ltr'>lam,</span> <span class='ocrx_word' id='word_1_612' title='bbox 1247 4920 1296 4995; x_wconf 72' lang='lat' dir='ltr'>qul</span> <span class='ocrx_word' id='word_1_613' title='bbox 1312 4915 1372 4971; x_wconf 76' lang='lat' dir='ltr'>nbc.</span> <span class='ocrx_word' id='word_1_614' title='bbox 1389 4933 1445 4968; x_wconf 86' lang='lat' dir='ltr'>nou</span> <span class='ocrx_word' id='word_1_615' title='bbox 1462 4914 1490 4968; x_wconf 87' lang='lat' dir='ltr'>d.</span> <span class='ocrx_word' id='word_1_616' title='bbox 1526 4917 1568 4971; x_wconf 78' lang='lat'>29.</span> <span class='ocrx_word' id='word_1_617' title='bbox 1589 4935 1656 4992; x_wconf 74' lang='lat' dir='ltr'>quae</span> <span class='ocrx_word' id='word_1_618' title='bbox 1672 4916 1832 4984; x_wconf 66' lang='lat' dir='ltr'>cumfratre</span> <span class='ocrx_word' id='word_1_619' title='bbox 1849 4913 1914 4980; x_wconf 73' lang='lat' dir='ltr'>milri</span> <span class='ocrx_word' id='word_1_620' title='bbox 1932 4917 2111 4985; x_wconf 66' lang='lat' dir='ltr'>uslwmpo-</span> 
     </span>
     <span class='ocr_line' id='line_1_45' title="bbox 319 4994 2112 5079; baseline 0.002 -29"><span class='ocrx_word' id='word_1_621' title='bbox 319 5000 358 5040; x_wconf 61' lang='grc' dir='ltr'>νε</span> <span class='ocrx_word' id='word_1_622' title='bbox 374 4994 429 5050; x_wconf 64' lang='grc'><strong>01113</strong></span> <span class='ocrx_word' id='word_1_623' title='bbox 446 5007 503 5049; x_wconf 78' lang='lat' dir='ltr'>erat</span> <span class='ocrx_word' id='word_1_624' title='bbox 520 5013 560 5051; x_wconf 81' lang='lat' dir='ltr'>ao.</span> <span class='ocrx_word' id='word_1_625' title='bbox 575 5015 644 5068; x_wconf 79' lang='lat' dir='ltr'>quae</span> <span class='ocrx_word' id='word_1_626' title='bbox 660 4999 726 5050; x_wconf 83' lang='lat' dir='ltr'>mibi</span> <span class='ocrx_word' id='word_1_627' title='bbox 741 5000 913 5070; x_wconf 79' lang='lat' dir='ltr'>cumfratre,</span> <span class='ocrx_word' id='word_1_628' title='bbox 931 5021 989 5065; x_wconf 74' lang='lat' dir='ltr'>eum</span> <span class='ocrx_word' id='word_1_629' title='bbox 1004 5015 1079 5074; x_wconf 73' lang='lat' dir='ltr'>putee</span> <span class='ocrx_word' id='word_1_630' title='bbox 1094 5007 1149 5071; x_wconf 76' lang='lat' dir='ltr'>eius</span> <span class='ocrx_word' id='word_1_631' title='bbox 1166 5014 1223 5069; x_wconf 73' lang='lat' dir='ltr'>erat</span> <span class='ocrx_word' id='word_1_632' title='bbox 1239 5001 1267 5069; x_wconf 78' lang='lat' dir='ltr'>d,</span> <span class='ocrx_word' id='word_1_633' title='bbox 1303 5003 1346 5073; x_wconf 68' lang='grc'>10,</span> <span class='ocrx_word' id='word_1_634' title='bbox 1364 5006 1518 5067; x_wconf 71' lang='lat' dir='ltr'>irreoneiorre</span> <span class='ocrx_word' id='word_1_635' title='bbox 1536 5003 1593 5079; x_wconf 73' lang='lat' dir='ltr'>lege</span> <span class='ocrx_word' id='word_1_636' title='bbox 1608 5004 1735 5075; x_wconf 76' lang='lat' dir='ltr'>relegauit</span> <span class='ocrx_word' id='word_1_637' title='bbox 1747 5019 1786 5065; x_wconf 77' lang='lat' dir='ltr'>ac.</span> <span class='ocrx_word' id='word_1_638' title='bbox 1804 5019 1859 5074; x_wconf 74' lang='lat' dir='ltr'>non</span> <span class='ocrx_word' id='word_1_639' title='bbox 1875 5000 1923 5056; x_wconf 90' lang='lat' dir='ltr'>bd.</span> <span class='ocrx_word' id='word_1_640' title='bbox 1958 4999 2000 5054; x_wconf 86' lang='grc'>31.</span> <span class='ocrx_word' id='word_1_641' title='bbox 2013 4999 2112 5067; x_wconf 73' lang='lat' dir='ltr'>claret</span> 
     </span>
     <span class='ocr_line' id='line_1_46' title="bbox 320 5071 771 5148; baseline 0 -12"><span class='ocrx_word' id='word_1_642' title='bbox 320 5071 362 5124; x_wconf 77' lang='grc' dir='ltr'>Μ·</span> <span class='ocrx_word' id='word_1_643' title='bbox 378 5092 484 5142; x_wconf 61' lang='lat' dir='ltr'>imm,</span> <span class='ocrx_word' id='word_1_644' title='bbox 503 5081 574 5148; x_wconf 85' lang='lat' dir='ltr'>quod</span> <span class='ocrx_word' id='word_1_645' title='bbox 592 5081 636 5134; x_wconf 84' lang='lat' dir='ltr'>ab.</span> <span class='ocrx_word' id='word_1_646' title='bbox 653 5101 709 5135; x_wconf 90' lang='lat' dir='ltr'>non</span> <span class='ocrx_word' id='word_1_647' title='bbox 727 5082 771 5136; x_wconf 92' lang='lat' dir='ltr'>ed.</span> 
     </span>
    </p>
   </div>
   <div class='ocr_carea' id='block_1_7' title="bbox 321 5189 2108 5371">
    <p class='ocr_par' dir='ltr' id='par_1_8' title="bbox 321 5189 2108 5371">
     <span class='ocr_line' id='line_1_47' title="bbox 391 5189 2108 5289; baseline 0.005 -37"><span class='ocrx_word' id='word_1_648' title='bbox 391 5189 516 5247; x_wconf 68' lang='lat' dir='ltr'><strong>LECTF·</strong></span> <span class='ocrx_word' id='word_1_649' title='bbox 534 5194 626 5253; x_wconf 79' lang='lat' dir='ltr'><strong>MEM.</strong></span> <span class='ocrx_word' id='word_1_650' title='bbox 661 5202 685 5253; x_wconf 88' lang='lat'>1.</span> <span class='ocrx_word' id='word_1_651' title='bbox 702 5219 791 5274; x_wconf 79' lang='lat' dir='ltr'>meque</span> <span class='ocrx_word' id='word_1_652' title='bbox 809 5208 860 5255; x_wconf 82' lang='lat' dir='ltr'>iam</span> <span class='ocrx_word' id='word_1_653' title='bbox 882 5204 1043 5279; x_wconf 78' lang='lat' dir='ltr'>Madvigius.</span> <span class='ocrx_word' id='word_1_654' title='bbox 1078 5205 1104 5259; x_wconf 81' lang='grc'>7.</span> <span class='ocrx_word' id='word_1_655' title='bbox 1122 5212 1217 5261; x_wconf 75' lang='lat' dir='ltr'>amisit.</span> <span class='ocrx_word' id='word_1_656' title='bbox 1254 5208 1330 5273; x_wconf 85' lang='lat' dir='ltr'>Vos,</span> <span class='ocrx_word' id='word_1_657' title='bbox 1348 5214 1455 5289; x_wconf 73' lang='lat' dir='ltr'>inquom</span> <span class='ocrx_word' id='word_1_658' title='bbox 1474 5209 1592 5280; x_wconf 75' lang='lat' dir='ltr'>praefert</span> <span class='ocrx_word' id='word_1_659' title='bbox 1608 5206 1772 5280; x_wconf 79' lang='lat' dir='ltr'>Madvigius.</span> <span class='ocrx_word' id='word_1_660' title='bbox 1791 5204 1847 5259; x_wconf 80' lang='lat' dir='ltr'>Cir.</span> <span class='ocrx_word' id='word_1_661' title='bbox 1865 5217 1954 5258; x_wconf 75' lang='lat' dir='ltr'>umen</span> <span class='ocrx_word' id='word_1_662' title='bbox 1972 5202 1996 5274; x_wconf 93' lang='grc'>1.</span> <span class='ocrx_word' id='word_1_663' title='bbox 2015 5205 2060 5262; x_wconf 82' lang='grc'>15.</span> <span class='ocrx_word' id='word_1_664' title='bbox 2076 5206 2108 5261; x_wconf 73' lang='lat' dir='ltr'>ds</span> 
     </span>
     <span class='ocr_line' id='line_1_48' title="bbox 321 5282 1909 5371; baseline 0.014 -42"><span class='ocrx_word' id='word_1_665' title='bbox 321 5296 374 5353; x_wconf 68' lang='lat' dir='ltr'>quc</span> <span class='ocrx_word' id='word_1_666' title='bbox 392 5289 429 5339; x_wconf 87' lang='lat' dir='ltr'>te,</span> <span class='ocrx_word' id='word_1_667' title='bbox 451 5285 608 5353; x_wconf 67' lang='lat' dir='ltr'>reinquere·</span> <span class='ocrx_word' id='word_1_668' title='bbox 633 5282 659 5347; x_wconf 78' lang='lat'>§.</span> <span class='ocrx_word' id='word_1_669' title='bbox 679 5287 737 5341; x_wconf 78' lang='lat'><strong>121.</strong></span> <span class='ocrx_word' id='word_1_670' title='bbox 755 5305 807 5351; x_wconf 77' lang='lat' dir='ltr'>me,</span> <span class='ocrx_word' id='word_1_671' title='bbox 830 5306 869 5342; x_wconf 83' lang='lat' dir='ltr'>me</span> <span class='ocrx_word' id='word_1_672' title='bbox 884 5290 937 5345; x_wconf 85' lang='lat' dir='ltr'>ille.</span> <span class='ocrx_word' id='word_1_673' title='bbox 962 5288 986 5355; x_wconf 84' lang='lat'>§.</span> <span class='ocrx_word' id='word_1_674' title='bbox 1005 5291 1062 5347; x_wconf 77' lang='lat' dir='ltr'>tto.</span> <span class='ocrx_word' id='word_1_675' title='bbox 1084 5293 1167 5347; x_wconf 70' lang='lat' dir='ltr'>multo</span> <span class='ocrx_word' id='word_1_676' title='bbox 1187 5291 1269 5359; x_wconf 67' lang='lat' dir='ltr'>unilt.</span> <span class='ocrx_word' id='word_1_677' title='bbox 1288 5295 1385 5359; x_wconf 65' lang='lat' dir='ltr'>multa,</span> <span class='ocrx_word' id='word_1_678' title='bbox 1403 5300 1510 5371; x_wconf 68' lang='lat' dir='ltr'>inquom</span> <span class='ocrx_word' id='word_1_679' title='bbox 1530 5306 1580 5353; x_wconf 79' lang='lat' dir='ltr'>ool.</span> <span class='ocrx_word' id='word_1_680' title='bbox 1615 5296 1662 5361; x_wconf 81' lang='grc'>16.</span> <span class='ocrx_word' id='word_1_681' title='bbox 1676 5295 1838 5366; x_wconf 92' lang='grc' dir='ltr'><strong><em>ἅψεων·</em></strong></span> <span class='ocrx_word' id='word_1_682' title='bbox 1854 5289 1909 5348; x_wconf 68' lang='lat' dir='ltr'>Bc·</span> 
     </span>
    </p>
   </div>
   <div class='ocr_carea' id='block_1_8' title="bbox 1831 5488 1849 5523">
    <p class='ocr_par' dir='ltr' id='par_1_9' title="bbox 1831 5488 1849 5523">
     <span class='ocr_line' id='line_1_49' title="bbox 1831 5488 1849 5523; baseline 0 0"><span class='ocrx_word' id='word_1_683' title='bbox 1831 5488 1849 5523; x_wconf 59' lang='lat' dir='ltr'>b</span> 
     </span>
    </p>
   </div>
   <div class='ocr_carea' id='block_1_9' title="bbox 0 0 2374 6068">
    <p class='ocr_par' dir='ltr' id='par_1_10' title="bbox 0 0 2374 6068">
     <span class='ocr_line' id='line_1_50' title="bbox 0 0 2374 6068; baseline 0 0"><span class='ocrx_word' id='word_1_684' title='bbox 0 0 2374 6068; x_wconf 95' lang='lat' dir='ltr'> </span> 
     </span>
    </p>
   </div>
  </div>
 </body>
</html>
