4754 6068
96 614 195 678 posse
221 594 287 657 nisi
313 594 455 658 comitiis
485 594 692 674 centuriatis3
719 595 788 658 sim
818 593 921 658 fuisse
946 594 1059 675 illam,
1091 598 1261 659 dammam
1287 606 1460 678 quassatae
1480 596 1530 660 rei
1550 598 1706 678 publicae
1725 602 1900 681 perturba·

95 712 274 779 torumque
288 707 475 781 temporum
490 699 561 762 iure
575 700 773 780 iudiciisque
787 701 943 780 sublatis3
964 722 1084 785 magna
1098 723 1210 764 rerum
1224 702 1468 784 permutatione
1480 701 1696 782 impendente
1712 703 1897 770 declinasse
1987 722 1991 729 ·

94 824 149 866 me
169 804 320 884 paullum
342 814 375 865 et
400 825 459 885 spe
479 805 624 868 relicuae
652 804 896 884 tranquillitatis
923 804 1106 886 praesentis
1131 810 1252 871 fluctus
1279 815 1575 889 tempestatemque
1600 806 1745 890 fugisse:
1778 828 1899 889 quare,

93 928 170 970 cum
183 909 302 969 absens
316 928 385 969 rern
400 908 567 989 publicam
581 929 650 971 non
664 909 773 971 minus
784 909 911 992 magnis
923 908 1077 990 periculis
1093 931 1193 989 quam
1203 914 1352 991 quodam
1366 921 1516 992 tempore
1529 931 1685 991 praesens
1697 910 1902 993 liberassem,
1947 896 1954 911 ⁴

94 1030 164 1073 non
185 1012 311 1074 restitui
332 1033 385 1074 me
405 1015 535 1092 solum,
553 1024 604 1077 set
625 1015 723 1078 etiam
743 1015 856 1079 ornari
875 1034 895 1074 a
915 1023 1030 1075 senatu
1052 1015 1178 1075 decere.
1225 1014 1413 1094 Disputavit
1439 1013 1539 1110 etiam
1563 1017 1668 1077 multa
1694 1018 1936 1099 prudenter,5

92 1115 138 1178 ita
159 1117 201 1178 de
221 1136 275 1176 me
294 1117 389 1177 illum
410 1116 683 1180 amentissumum
698 1127 731 1181 et
743 1111 1060 1203 profligatissumum
1073 1120 1205 1180 hostem
1218 1118 1357 1200 pudoris
1370 1127 1402 1180 et
1413 1118 1593 1200 pudicitiae
1606 1119 1789 1201 scripsisse,
1812 1128 1900 1203 quae

91 1219 274 1300 scripsisset
293 1218 333 1282 iis
353 1222 463 1284 verbis
487 1225 586 1285 rebus
612 1221 797 1300 sententiis,
828 1232 881 1302 ut,
911 1220 1010 1284 etiam
1023 1220 1058 1284 -si
1076 1220 1149 1283 iure
1170 1232 1256 1284 esset
1275 1233 1449 1307 rogatum,
1469 1231 1580 1284 tamen
1593 1221 1661 1285 uim
1681 1224 1808 1287 habere
1827 1241 1898 1286 non

95 1333 224 1406 possct3
245 1345 349 1404 quare
370 1348 442 1407 me,
463 1328 523 1408 qui
542 1328 636 1407 nulla
654 1329 729 1411 lcge
750 1330 919 1407 abessem,
945 1340 1015 1388 non
1035 1325 1164 1390 restitui
1183 1329 1275 1411 lege,
1306 1336 1357 1390 set
1374 1325 1526 1391 revocari
1545 1337 1681 1389 senatus
1701 1327 1898 1391 auctoritate

94 1439 257 1509 oportere.
291 1452 340 1510 74.
362 1431 461 1509 Hunc
480 1451 580 1493 neruo
602 1443 671 1495 erat
691 1430 772 1511 quin
792 1432 976 1495 verissume
996 1431 1119 1494 sentire
1140 1432 1276 1494 diceret.
1318 1433 1373 1495 Set
1389 1443 1467 1515 post
1481 1452 1556 1494 eum
1571 1442 1707 1516 rogatus
1722 1436 1780 1497 Cn.
1795 1435 1896 1496 Pom·
1996 1504 2004 1513 .

94 1532 190 1614 peius
211 1536 396 1616 approbata
415 1535 614 1616 laudataque
634 1540 748 1600 Cottae
774 1536 937 1600 sententia
960 1535 1044 1599 dixit
1063 1556 1136 1598 sese
1157 1535 1205 1597 oti
1225 1534 1292 1597 mei
1312 1555 1429 1610 causa,
1461 1545 1498 1599 ut
1523 1537 1616 1598 omni
1636 1537 1794 1619 populari
1814 1558 1893 1600 con·
1915 1545 1955 1610 10

91 1635 248 1700 citatione
267 1637 484 1720 defungerer,
509 1659 663 1721 censere,
691 1650 729 1703 ut
757 1643 800 1703 ad
829 1650 962 1704 senatus
982 1641 1214 1704 auctoritatem
1234 1640 1356 1722 populi
1375 1661 1512 1722 quoque
1533 1643 1677 1707 Romani
1696 1626 1897 1707 beneficium

92 1763 171 1826 erga
191 1763 246 1806 me
265 1742 506 1826 adiungeretur.
549 1747 633 1809 Cum
653 1764 770 1811 omnes
789 1745 940 1808 certatim
960 1744 1112 1824 aliusque
1131 1745 1199 1808 alio
1220 1744 1355 1828 gravius
1368 1757 1467 1825 atque
1481 1745 1631 1810 ornatius
1646 1749 1688 1809 de
1702 1767 1777 1810 mea
1789 1746 1898 1811 salute

92 1845 229 1911 dixisset
248 1846 409 1928 fieretque
428 1848 501 1910 sine
521 1850 590 1910 ulla
609 1848 767 1910 varietate
788 1848 965 1931 discessio,
989 1849 1148 1930 surrexit,
1178 1861 1216 1912 ut
1235 1849 1344 1933 scitis,
1373 1849 1505 1913 Attilius
1532 1849 1588 1911 hic
1615 1849 1804 1928 Gauianus3
1832 1870 1896 1914 nec

91 1972 191 2015 ausus
217 1965 280 2033 est,
308 1972 386 2017 cum
413 1963 499 2017 esset
526 1962 675 2035 emptus,
700 1953 922 2033 intercedere;
950 1966 1084 2020 noctem
1105 1955 1170 2019 sibi
1190 1960 1233 2018 ad
1253 1957 1507 2020 deliberandum
1527 1954 1721 2037 postulavit.
1760 1954 1895 2016 Clamor

91 2065 241 2136 senatus,
262 2058 417 2134 querelae
437 2076 567 2133 preces,
586 2076 682 2114 socer
700 2059 743 2115 ad
763 2060 866 2135 pedes
886 2058 1045 2128 abiectus.
1086 2062 1149 2123 llle
1169 2081 1205 2122 se
1227 2055 1392 2124 affirmare
1404 2069 1540 2142 postero
1555 2061 1609 2124 die
1623 2080 1753 2124 moram
1766 2061 1896 2122 nullam
1916 2066 1955 2131 15

95 2178 168 2222 esse
186 2159 362 2221 facturum.
403 2155 572 2220 Creditum
593 2163 660 2232 cst;
680 2155 862 2217 discessum
883 2169 942 2218 est.
983 2164 1040 2215 Illi
1060 2163 1186 2224 interea
1214 2164 1427 2228 deliberatori
1445 2182 1573 2228 merces
1583 2166 1687 2248 longa
1698 2162 1895 2246 interposita

94 2272 193 2325 nocte
212 2261 382 2343 duplicata
400 2269 460 2324 est.
500 2257 677 2320 Consecuti
695 2257 766 2319 dies
786 2257 885 2339 pauci
905 2257 1044 2320 omnino
1068 2259 1227 2321 Ianuario
1247 2280 1376 2340 mense,
1404 2286 1466 2340 per
1492 2285 1580 2338 quos
1600 2276 1754 2329 senatum
1778 2264 1896 2328 baberi

92 2366 226 2431 liceret:
245 2376 295 2428 set
316 2375 426 2428 tamen
445 2373 556 2427 actum
577 2360 662 2423 nibil
681 2360 748 2423 nisi
767 2363 809 2423 de
830 2381 897 2422 me.

170 2472 318 2538 XXXV.
358 2471 406 2548 75.
433 2470 516 2530 Cum
546 2463 641 2528 omni
670 2481 766 2526 mora
804 2461 1032 2525 ludificatione
1070 2463 1236 2525 calumnia
1274 2474 1407 2527 senatus
1447 2467 1627 2532 auctoritas
1657 2468 1895 2556 impediretur,

90 2573 181 2638 venit
202 2577 335 2638 tandem
359 2574 480 2638 concili
499 2574 542 2635 dc
562 2590 616 2633 me
635 2567 760 2653 agendi
780 2566 866 2640 dies,
886 2587 968 2628 vrrr.
981 2568 1059 2635 Kal.
1073 2567 1169 2629 Febr.
1210 2564 1368 2646 Princeps
1381 2568 1583 2650 rogationis,
1601 2571 1655 2635 vir
1666 2573 1753 2636 mihi
1763 2572 1895 2640 amicit·
1912 2589 1955 2656 20
2006 2638 2019 2659 ff

90 2697 223 2760 sumus,
244 2681 284 2762 Q.
294 2677 480 2758 Fabricius,
501 2676 663 2757 templum
683 2675 853 2754 aliquanto
872 2682 949 2736 ante
969 2673 1074 2734 lucem
1095 2668 1281 2752 occupavit.
1321 2669 1460 2753 Quietus
1481 2690 1523 2733 eo
1545 2672 1598 2734 die
1610 2675 1750 2755 Sestius,
1768 2677 1815 2759 is,
1834 2679 1895 2759 qui

93 2792 142 2846 est
162 2785 205 2845 de
224 2781 259 2845 ri
278 2802 373 2844 reus:
399 2790 491 2844 actor
511 2780 566 2842 hic
586 2780 810 2858 defensorque
829 2796 948 2840 causae
969 2795 1063 2838 meae
1084 2775 1169 2837 nihil
1188 2774 1416 2859 progreditur,
1437 2773 1577 2837 consilia
1597 2786 1764 2859 exspectat
1783 2779 1896 2844 iuimi-

93 2906 211 2951 eorum
238 2906 401 2950 meorum.
441 2885 555 2968 Quid?
585 2883 652 2963 illi,
678 2901 823 2962 quorum
850 2878 996 2944 consilio
1018 2883 1055 2944 P.
1081 2879 1204 2942 Sestius
1224 2879 1261 2941 iu
1280 2868 1441 2941 iudicium
1462 2891 1619 2960 vocatur,
1649 2901 1718 2960 quo
1739 2900 1775 2945 se
1794 2895 1894 2965 paeto

93 2994 235 3078 gerunt?
265 2994 347 3054 Cum
368 2991 480 3052 forum
511 2987 682 3053 comitium
714 2987 840 3051 curiam
870 2987 975 3049 multa
1005 2988 1046 3048 de
1066 2994 1164 3048 nocte
1181 2982 1315 3046 armatis
1335 2983 1529 3046 hominibus
1550 3005 1590 3046 ac
1606 2986 1710 3049 servis
1723 2987 1894 3069 plerisque

92 3095 358 3179 occupavissent,
378 3094 539 3177 impetum
559 3092 685 3156 faciunt
703 3090 741 3157 in
761 3090 968 3172 Fabricium,
988 3109 1105 3153 manus
1127 3084 1287 3168 afferunt,
1313 3087 1470 3150 occidunt
1489 3089 1690 3169 nonnullos,
1717 3092 1893 3156 vulnerant
1913 3099 1954 3164 95

92 3204 229 3266 multos.
272 3207 321 3282 76.
341 3199 535 3262 Venientem
548 3198 584 3260 iu
603 3198 730 3277 forum,
751 3196 861 3260 vicum
884 3206 1062 3279 optumum
1075 3203 1107 3257 et
1128 3193 1459 3272 constantissumum‚
1478 3194 1525 3255 M.
1540 3190 1705 3274 Cispium,
1725 3196 1896 3259 tribunum
1932 3250 1943 3271 .,

91 3310 155 3389 pl,
182 3305 217 3366 vi
237 3305 426 3387 depellunt:
446 3304 581 3365 eaedem
600 3301 637 3363 in
655 3302 732 3364 foro
749 3321 939 3364 maxumam
959 3298 1103 3362 faciunts
1130 3297 1345 3377 universique
1369 3295 1531 3360 destrictis
1551 3297 1672 3381 gladiis
1694 3309 1727 3362 et
1749 3299 1895 3364 cruentis
1924 3310 1930 3324 ⁴
2012 3316 2015 3321 ·

90 3412 126 3473 in
147 3410 304 3472 omnibus
324 3407 389 3471 fori
409 3407 557 3490 partibus
578 3407 713 3470 fratrem
729 3426 853 3487 mcum,
875 3404 986 3467 virum
1000 3415 1189 3486 optumum,
1208 3401 1440 3465 fortissumum
1454 3398 1587 3481 meique
1599 3403 1897 3486 amantissumuns,
1974 3436 1979 3447 ·

93 3515 199 3578 oculis
218 3514 441 3595 quaerebant,
461 3530 545 3574 voce
564 3513 756 3592 poscebant.
798 3509 948 3599 Quorum
967 3509 1026 3571 ille
1046 3509 1120 3572 telis
1138 3507 1281 3570 libenter
1300 3506 1337 3567 in
1357 3515 1449 3568 tanto
1471 3507 1561 3568 luctu
1580 3526 1618 3570 ac
1639 3506 1806 3570 desiderio
1826 3508 1895 3572 mei

93 3638 163 3682 non
180 3617 408 3703 repugnandi,
435 3627 484 3683 set
505 3615 670 3679 moriendi
689 3634 788 3680 causa
808 3634 931 3696 eorpus
957 3612 1131 3675 obtulisset
1156 3631 1271 3693 suum,
1298 3609 1364 3677 nisi
1389 3631 1484 3673 suam
1509 3611 1614 3675 vitam
1640 3613 1692 3705 ³⁶.
1709 3633 1804 3694 spem
1826 3610 1893 3677 nei
1910 3618 1954 3686 m

90 3724 217 3788 reditus
237 3732 444 3786 reservasset.
485 3720 591 3785 Subiit
610 3732 722 3783 tamen
743 3718 811 3781 vim
832 3718 925 3782 illam
947 3716 1108 3780 nefariam
1138 3717 1440 3779 consceleratorum
1469 3717 1637 3778 latronum
1663 3725 1715 3797 et,
1745 3736 1823 3780 cum
1850 3717 1896 3779 ad

92 3829 203 3894 fratris
230 3828 370 3889 salutem
398 3847 418 3889 a
444 3826 575 3907 populo
601 3827 755 3887 Romano
783 3826 1025 3906 deprecandam
1052 3819 1216 3903 venisset,
1241 3822 1358 3903 pulsus
1380 3842 1400 3883 e
1420 3820 1548 3883 Rostris
1574 3821 1612 3883 in
1635 3820 1772 3885 comitio
1792 3819 1895 3885 iacuit

91 3950 196 4013 seque
214 3949 389 3994 serrorum
409 3939 442 3991 et
461 3929 658 3991 libertorum
679 3928 878 4008 corporibus
898 3926 1026 3989 obtexit
1044 3926 1214 4006 vitamque
1234 3934 1305 3988 tum
1318 3945 1413 3988 suam
1427 3923 1534 3987 noctis
1548 3932 1580 3986 et
1592 3923 1694 4010 fugae
1706 3923 1895 4009 praesidio,

92 4057 161 4100 nou
188 4036 270 4099 iuris
298 4030 568 4117 iudiciorumque
595 4028 753 4093 defendit.
796 4053 844 4112 77.
867 4027 1064 4092 Meministis
1091 4039 1182 4109 tum,
1212 4027 1357 4110 iudices,
1382 4027 1581 4109 corporibus
1604 4028 1727 4091 civium
1746 4027 1895 4092 Tiberim

93 4142 271 4227 compleri,
291 4143 420 4204 cloacas
440 4135 606 4219 resarciri,
629 4135 743 4199 eforo
763 4133 913 4218 spongiis
935 4132 1048 4219 effingi
1066 4132 1279 4219 sanguinem,
1305 4141 1343 4195 ut
1364 4149 1481 4198 omues
1502 4138 1626 4195 tantam
1645 4129 1739 4194 illam
1759 4128 1890 4213 copiam
1910 4133 1952 4210 36

162 4374 248 4430 ERN.
283 4375 306 4427 2.
321 4377 519 4446 perturbatione
547 4375 573 4429 3.
586 4375 739 4446 paullulum
773 4372 798 4426 7.
815 4379 954 4441 seripsarat
981 4371 1025 4428 20.
1042 4373 1169 4425 Kalendis

163 4501 292 4558 LEC'IT.
327 4502 408 4557 abed.
448 4492 475 4558 2.
497 4505 652 4575 perturbata
674 4504 790 4575 undique
813 4514 926 4571 tempore
954 4503 999 4558 ab.
1040 4501 1113 4556 lbid.
1132 4501 1329 4574 perturbatione
1350 4499 1396 4554 be.
1417 4514 1474 4552 uon
1498 4498 1543 4552 ed.
1589 4498 1615 4555 3.
1637 4500 1790 4572 paullulum
1813 4497 1892 4553 abed.

95 4593 121 4645 l.
138 4608 190 4642 mn
207 4594 291 4642 narnus
307 4607 387 4660 rernp.
404 4607 420 4640 a
436 4590 504 4646 sols.
538 4588 563 4643 7.
580 4593 718 4661 scripserat
734 4587 869 4642 sednon
886 4589 913 4640 b.
949 4587 1023 4642 lbid.
1041 4587 1083 4640 lo
1099 4586 1143 4640 ad.
1177 4588 1204 4640 9.
1220 4598 1259 4638 set
1277 4600 1333 4644 aar.
1354 4586 1483 4644 abanan
1500 4584 1528 4639 d.
1562 4588 1605 4640 11.
1621 4587 1768 4657 defringr'er
1792 4601 1890 4637 mm

94 4688 120 4728 aa
136 4675 174 4725 ad
187 4685 304 4726 mutuas
319 4692 372 4725 nan
387 4691 414 4725 ss
430 4676 526 4746 referri
543 4679 628 4728 iussit.
664 4672 731 4727 Cura
753 4692 837 4725 amma
853 4699 890 4713 ··-
903 4696 942 4714 ι·
956 4697 994 4712 ..
1009 4675 1150 4732 debiscunt,
1176 4676 1244 4724 vanlt
1266 4690 1289 4725 e.
1313 4673 1345 4724 de
1367 4691 1407 4725 nra
1429 4691 1455 4725 a.
1479 4673 1533 4726 dier
1550 4692 1575 4727 a.
1611 4673 1652 4726 13.
1675 4672 1800 4722 dubunt
1825 4667 1886 4720 aba.

93 4756 229 4831 probante
243 4757 393 4831 Madviglo.
430 4756 471 4811 Ut
487 4774 552 4821 naa,
570 4759 599 4812 d.
633 4758 707 4812 lbid.
724 4762 812 4810 sumtu
828 4755 893 4811 bcd.
927 4758 971 4813 20.
987 4759 1092 4810 comitti
1108 4756 1168 4811 sed.
1186 4775 1241 4809 nou
1259 4757 1290 4812 b.
1323 4757 1368 4809 21.
1388 4755 1464 4831 Quid
1485 4776 1515 4810 ea
1539 4759 1581 4810 dle
1604 4753 1724 4810 Sentius?
1748 4756 1771 4802 is
1788 4769 1803 4804 a
1820 4749 1890 4807 sola.

95 4845 138 4899 26.
154 4843 360 4900 Venientem—
373 4845 529 4913 ——faer'unt
546 4860 600 4895 om.
618 4860 643 4896 a.
676 4843 752 4898 lbid.
768 4847 1003 4895 constantissimas
1027 4840 1143 4913 Cispium
1167 4843 1198 4895 b.
1221 4841 1266 4894 M.
1291 4839 1414 4913 Caspiana
1431 4841 1458 4895 d.
1488 4842 1529 4895 Ut
1546 4858 1610 4901 uos,
1635 4857 1659 4894 a.
1694 4835 1737 4892 27.
1762 4838 1903 4893 distrirtrb·

97 4928 177 4984 abed.
212 4928 256 4983 28.
266 4930 338 4999 sort.
362 4932 462 5001 nisique
484 4935 582 4979 amant.
599 4943 654 4981 om.
671 4944 696 4979 a.
732 4929 776 4984 29.
793 4927 914 5001 Quorum
938 4929 984 4980 ills
1006 4929 1065 4979 telas
1089 4929 1197 4979 libenter
1219 4944 1296 4978 suurn
1312 4945 1406 4997 earpm
1423 4928 1559 4979 obtulisses
1574 4942 1599 4976 a.
1634 4921 1836 4976 3181111-
1852 4947 1889 4962 -·

95 5020 205 5068 eanum
222 5034 276 5069 om.
293 5033 318 5068 a.
352 5010 425 5067 tbtd.
446 5013 524 5067 Sasu
546 5009 611 5065 bad.
652 4992 695 5066 12.
715 5015 816 5086 papula
838 5013 955 5063 Romane
976 5009 1122 5080 (spatium)
1143 5012 1381 5082 deprecarulumque
1405 5009 1423 5061 d
1448 5009 1515 5062 sola.
1557 5006 1633 5062 lbld.
1655 5009 1750 5080 pulsus
1774 5018 1891 5069 tanae

96 5116 136 5153 ae.
154 5116 209 5153 neu
226 5100 275 5156 bd.
303 5099 348 5154 33.
362 5117 439 5151 suam
453 5107 510 5152 tuns
524 5097 584 5150 aba.
601 5112 657 5149 aaa
676 5095 706 5152 d.
740 5097 782 5152 35.
798 5100 921 5170 refarcr'n‘
935 5095 1054 5168 nllilqua
1070 5115 1153 5168 neque
1169 5113 1194 5151 a.
1229 5093 1302 5148 lbid.
1319 5094 1422 5165 qffundt
1437 5092 1505 5148 bed.

167 5225 295 5283 LEC'l'l'.
309 5228 406 5283 ΜΕΜ.
442 5227 484 5279 20.
502 5229 610 5279 canuno
627 5227 676 5287 A..
695 5223 768 5277 unda
784 5228 813 5277 ln
829 5225 938 5278 coneilio
955 5222 1121 5297 bladrigius.
1156 5221 1266 5294 Duplex
1282 5234 1324 5276 est
1347 5223 1532 5279 mutuastis:
1559 5224 1613 5278 sus
1630 5222 1725 5280 aanellt
1741 5234 1769 5277 st
1785 5222 1839 5274 altar
1855 5217 1890 5271 de

96 5331 138 5370 ne
152 5314 267 5413 pendi,-
283 5330 339 5369 aaa
355 5329 421 5371 sera
437 5313 490 5366 drus
507 5313 650 5365 aanatta'da
665 5328 706 5365 ns
721 5311 825 5385 agenda.
