4740 6068
1867 406 1914 476 9⁹

117 592 211 664 sunt,
241 581 334 662 quod
361 578 477 662 plebes
501 575 674 660 perfuncta
701 577 915 662 gravissumis
934 573 1155 641 seditionibus
1180 598 1219 640 ac
1249 577 1423 643 discordiis
1450 578 1556 642 otium
1583 585 1806 664 amplexatur,
1835 608 1913 651 con-

117 691 232 751 ductas
251 687 374 747 habent
396 682 585 762 contiones3
608 703 717 762 neque
736 683 773 745 id
792 690 913 765 agunt,
933 694 970 745 ut
990 703 1029 745 ea
1050 682 1157 746 dicant
1176 692 1233 745 aut
1254 684 1378 767 ierant,
1398 705 1485 763 quae
1504 684 1556 746 illi
1574 685 1676 749 velint
1695 689 1831 771 audire,
1853 693 1912 770 qui

116 793 154 856 in
175 791 332 855 contione
360 797 457 870 sunt,
482 799 536 869 set,
556 786 664 869 pretio
690 806 731 851 ao
753 788 906 849 mercede
932 785 1129 868 perficiunt,
1160 797 1197 848 ut
1217 788 1383 869 quidquid
1404 789 1532 871 dicant,
1561 789 1596 851 id
1621 790 1673 853 illi
1693 794 1779 856 velle
1799 795 1915 858 audire
1937 781 1940 785 i

117 897 303 960 videantur.
347 896 414 960 105.
434 896 522 955 Num
541 911 603 954 vos
616 890 809 955 existimatis
823 892 992 954 Gracchos
1012 901 1068 952 aut
1079 892 1293 954 Saturninum
1312 904 1369 956 aut
1383 915 1586 975 quemquam
1599 896 1736 960 illorum
1751 909 1915 982 veterum,

120 1000 180 1081 qui
204 1001 385 1082 populares
413 999 643 1078 habebantur,
670 996 779 1059 ullum
805 1014 953 1077 unquam
981 992 1017 1056 in
1044 994 1200 1057 contione
1222 996 1382 1060 babuisse
1401 1001 1627 1062 conductum?
1647 1002 1764 1065 -liemo
1785 1004 1951 1072 habuit.5
1998 1045 2002 1054 -

118 1106 196 1188 Ipsa
225 1105 314 1169 enim
343 1103 475 1188 largitio
506 1112 539 1165 et
566 1118 644 1183 spes
676 1098 848 1163 commodi
869 1095 1036 1181 propositi
1064 1097 1136 1162 sine
1165 1100 1318 1162 mercede
1342 1102 1412 1164 ulla
1440 1103 1687 1168 multitudinem
1718 1107 1914 1176 concitabat.

116 1209 235 1289 ltaque
255 1207 461 1289 temporibus
482 1204 568 1286 illis,
597 1203 658 1284 ‘qui
675 1206 856 1287 populares
877 1213 989 1284 crant,
1014 1197 1228 1266 offendebant
1246 1203 1299 1266 illi
1317 1205 1450 1284 quidem
1473 1217 1553 1291 aput
1573 1210 1683 1293 gravis
1705 1222 1735 1274 et
1756 1214 1915 1276 honestos

47 1360 50 1367 .
116 1312 287 1391 homines,
316 1321 366 1393 set
385 1309 507 1393 populi·
530 1309 662 1372 iudiciis
683 1320 783 1390 atque
802 1309 895 1371 omni
914 1306 1157 1395 significatione
1173 1311 1349 1372 florebant.
1389 1311 1450 1375 His
1469 1312 1505 1374 in
1526 1315 1654 1375 theatro
1675 1316 1915 1397 plaudebatur3

117 1415 155 1476 bi
173 1409 358 1499 suffragiis,
385 1417 480 1493 quod
505 1418 761 1494 contenderant,
786 1414 1092 1494 consequebantur;
1116 1415 1240 1476 borum
1259 1414 1413 1478 homines
1434 1436 1559 1478 nomen
1579 1417 1765 1480 orationem
1787 1422 1915 1483 voltum

115 1519 283 1582 incessum
303 1520 468 1581 amabant.
508 1520 577 1602 Qui
594 1533 704 1582 autem
723 1519 983 1581 adversabantur
1003 1518 1035 1580 ei
1054 1517 1188 1602 generi,
1208 1536 1326 1603 graves
1345 1531 1378 1583 et
1393 1521 1507 1607 magni
1520 1522 1673 1586 homines
1685 1525 1910 1587 habebantur:
1933 1531 1974 1595 10

112 1634 162 1688 set
180 1625 335 1686 valebant
354 1623 390 1684 in
409 1634 526 1687 senatu
548 1627 709 1706 multum,
734 1635 815 1705 aput
835 1626 944 1686 bonos
970 1622 1060 1685 viros
1088 1625 1305 1703 plurumumr
1331 1625 1538 1689 multitudini
1556 1625 1696 1688 iucundi
1716 1647 1786 1688 non
1807 1639 1917 1707 erant,

112 1722 280 1811 suffragiis
308 1722 539 1792 offendebatur
565 1750 665 1811 saepe
692 1748 809 1790 eorum
840 1729 1013 1804 voluntas3
1042 1729 1198 1809 plausum
1224 1747 1307 1789 vero
1328 1729 1427 1793 etiam
1448 1732 1573 1815 siquis
1594 1751 1713 1794 eorum
1733 1732 1915 1810 aliquando

113 1841 303 1912 acceperat,
339 1833 490 1911 nequid
518 1840 704 1914 peccasset,
738 1829 1001 1913 pertimescebat.
1045 1831 1221 1913 Attamen,
1249 1831 1280 1895 si
1307 1854 1375 1913 qua
1403 1854 1456 1898 res
1484 1846 1554 1898 erat
1583 1837 1712 1914 maior,
1741 1835 1832 1897 idem
1858 1835 1916 1897 ille
2001 1910 2004 1919 γ

63 1962 74 1987 r
114 1937 263 2018 populus
282 1939 404 2000 horum
425 1937 619 2001 auctoritate
639 1957 795 1998 maxume
811 1936 1098 1999 commovebatur.
1681 1944 1685 1951 '

192 2042 231 2101 L.
276 2043 343 2102 106.
365 2043 479 2113 Nunc,
507 2040 572 2098 nisi
597 2061 651 2100 me
671 2039 772 2106 fallit,
799 2038 835 2100 in
860 2059 902 2102 eo
931 2049 1016 2101 statu
1043 2040 1157 2104 civitas
1179 2053 1246 2123 est,
1272 2052 1328 2123 ut,
1355 2043 1383 2105 si
1404 2062 1522 2126 operas
1544 2048 1786 2109 conductorum
1806 2063 1914 2107 remo·
1936 2052 1974 2115 15

113 2140 218 2220 veris,
239 2159 355 2202 omnes
375 2138 475 2199 idem
486 2138 528 2197 de
548 2156 584 2197 re
604 2135 738 2216 publica
754 2139 884 2196 sensuri
895 2160 967 2194 csse
979 2143 1165 2208 videantur.
1207 2149 1335 2210 Etenim
1352 2149 1458 2211 tribus
1472 2150 1555 2213 locis
1568 2149 1749 2234 significari
1763 2169 1916 2213 maxume

113 2244 232 2328 populi
246 2241 388 2305 Romani
401 2239 560 2303 iudicium
583 2259 621 2300 ac
641 2240 795 2299 voluntas
815 2244 945 2317 potest,
968 2234 1143 2316 contione,
1164 2249 1328 2319 comitiis,
1346 2254 1504 2312 lassorum
1525 2254 1817 2331 gladiatorumque
1838 2271 1917 2314 con-

114 2369 218 2413 sessu.
257 2349 350 2430 Quae
370 2343 479 2408 contio
499 2343 562 2404 init
584 2363 645 2423 per
663 2344 726 2403 hos
747 2352 872 2435 annos,
902 2358 989 2418 quae
1014 2338 1150 2418 quidem
1173 2349 1258 2401 esset
1285 2360 1356 2402 non
1383 2346 1566 2425 conducta,
1597 2360 1647 2408 set
1667 2369 1764 2430 vera,
1793 2355 1918 2432 inqua

114 2451 236 2536 populi
255 2450 401 2512 Romani
421 2466 602 2513 consensus
624 2444 769 2528 perspici
789 2463 858 2505 non
881 2444 1018 2524 posset?
1047 2441 1189 2516 Habitae
1208 2452 1287 2503 sunt
1306 2446 1429 2507 multae
1448 2450 1490 2510 de
1511 2470 1565 2511 me
1579 2471 1598 2511 a
1612 2452 1795 2535 gladiatore
1816 2458 1918 2518 scele-

112 2557 311 2636 ratissumo,
340 2555 384 2614 ad
412 2570 495 2632 quas
525 2570 626 2612 nemo
656 2549 767 2611 adibat
795 2547 1028 2628 incorruptus,
1060 2567 1160 2608 nemo
1188 2546 1334 2630 integer:
1366 2568 1466 2611 nemo
1495 2552 1590 2614 illum
1616 2557 1755 2620 foedum
1784 2562 1912 2623 voltum
1934 2571 1975 2635 90

114 2661 303 2743 adspicere,
329 2675 429 2719 nemo
451 2654 604 2717 furialem
624 2673 741 2716 vocem
762 2650 1008 2714 honus‘audire
1026 2660 1168 2731 poterat.
1209 2655 1325 2729 Erant,
1357 2663 1451 2715 erant
1477 2653 1554 2715 illae
1575 2658 1748 2731 contiones
1769 2665 1918 2743 perdito.

112 2788 189 2829 rum
208 2760 590 2843 hominumnecessario
612 2760 834 2821 turbulentae.
876 2779 944 2840 ¹⁰7·
967 2756 1094 2821 Habuit
1121 2759 1164 2819 de
1193 2759 1311 2821 eodem
1336 2778 1390 2819 me
1411 2762 1447 2820 P.
1467 2761 1629 2822 Lentulus
1650 2765 1770 2823 consul
1790 2771 1918 2831 contio·

113 2891 207 2934 nem:
228 2887 410 2932 concursus
432 2875 482 2928 cst
500 2863 620 2946 populi
640 2861 785 2925 Romani
804 2862 926 2938 factus3
949 2880 1065 2925 omnes
1087 2861 1236 2936 ordines,
1258 2871 1327 2924 tota
1347 2862 1383 2923 in
1403 2861 1461 2924 illa
1482 2864 1637 2926 contione
1654 2866 1750 2928 ltalia
1763 2870 1917 2934 constitit.

114 2975 189 3058 Egit
209 2993 342 3037 causam
362 2990 492 3034 summa
517 2991 592 3033 cum
620 2967 781 3053 gravitate
802 2966 966 3048 copiaque
986 2965 1137 3044 dicendi,
1164 2975 1256 3027 tanto
1283 2966 1437 3045 silentio,
1468 2978 1558 3030 tanta
1584 2973 1826 3051 approbatione
1847 2994 1918 3037 orn-

113 3080 226 3160 nium,
246 3076 331 3139 nihil
351 3087 388 3138 ut
410 3094 556 3155 unquam
577 3073 747 3135 videretur
768 3081 833 3134 tam
854 3072 1018 3153 populare
1039 3073 1082 3132 ad
1100 3069 1219 3151 populi
1241 3069 1385 3132 liomsni
1410 3072 1498 3134 auris
1518 3074 1686 3138 accidisse.
1728 3080 1914 3143 Productus
1934 3091 1974 3155 25

114 3195 163 3249 est
181 3186 223 3247 ab
245 3202 288 3246 eo
307 3185 366 3244 Cn.
387 3180 581 3262 Pompeius,
611 3179 726 3258 quise
746 3198 816 3240 non
837 3180 947 3239 solum
967 3185 1137 3238 auctorem
1158 3196 1251 3238 meae
1277 3175 1410 3257 salutis,
1441 3187 1490 3238 set
1517 3177 1615 3240 etiam
1642 3182 1827 3263 supplicem
1857 3205 1917 3264 po-

112 3291 196 3372 pulo
218 3291 373 3350 Romano
390 3281 575 3367 praebuit..
607 3279 742 3357 [Huius
762 3278 880 3344 oratio
901 3289 935 3341 et
945 3275 1138 3364 pergravis
1159 3289 1193 3340 et
1208 3290 1317 3365 grato
1338 3277 1375 3341 in
1395 3277 1617 3345 contionibus
1625 3282 1731 3373 fuit]
1771 3287 1823 3350 Sic
1838 3308 1918 3353 con·

115 3396 236 3466 tendo,
257 3399 430 3471 nunquam
451 3409 561 3469 neque
580 3387 776 3452 sententiam
792 3387 862 3448 eius
876 3385 1071 3448 auctoritate
1085 3400 1194 3464 neque
1208 3385 1431 3464 eloquentiam
1447 3386 1650 3449 iucunditate
1664 3389 1766 3452 iuissc
1781 3393 1916 3463 maiore.

118 3506 185 3565 108.
206 3498 281 3582 Quo
292 3495 423 3559 silentio
443 3503 520 3557 sunt
533 3490 639 3555 auditi
659 3493 700 3553 de
721 3512 775 3552 me
796 3490 895 3552 ceteri
914 3490 1081 3572 principes
1095 3489 1252 3552 civitatis!
1274 3510 1359 3569 quos
1371 3489 1497 3553 idcirco
1511 3511 1581 3552 non
1596 3495 1730 3573 appello
1744 3498 1917 3579 hocloco,

116 3626 158 3668 ne
171 3623 245 3666 mea
265 3600 392 3682 oratio,
412 3599 441 3663 si
461 3599 570 3661 minus
591 3600 634 3658 de
653 3595 766 3675 aliquo
787 3595 922 3673 dixero,
941 3594 1087 3678 ingrata,
1106 3594 1136 3656 si
1156 3593 1234 3659 satis
1255 3596 1298 3657 de
1318 3596 1492 3676 omnibus,
1513 3595 1642 3659 infinita
1662 3619 1734 3661 esse
1753 3600 1913 3667 videatur.
1934 3613 1975 3677 30

117 3711 208 3772 Cedo
227 3728 317 3771 nunc
338 3707 487 3769 eiusdem
506 3703 595 3766 iilius
614 3699 743 3763 inimici
760 3698 827 3761 mei
846 3700 889 3761 dc
908 3720 962 3760 me
982 3701 1101 3761 eodem
1120 3701 1163 3761 ad
1185 3720 1297 3761 verum
1317 3703 1481 3783 populum
1503 3702 1540 3764 in
1561 3723 1679 3783 campo
1698 3706 1818 3766 Martio
1839 3727 1917 3768 con.

115 3814 259 3877 tionem!
287 3810 369 3893 Quis
391 3829 461 3873 non
482 3810 585 3870 modo
606 3803 820 3887 approbavit,
841 3811 892 3865 set
911 3823 981 3866 non
1000 3803 1280 3888 indignissumum
1301 3805 1429 3867 facinus
1449 3807 1578 3888 putavit
1597 3807 1692 3868 illum
1718 3829 1787 3869 non
1809 3808 1916 3874 dicam

115 3917 227 3998 loqui,
254 3924 305 3979 set
330 3914 442 3976 vivere
469 3933 508 3976 ac
532 3910 683 3993 spirare?
711 3912 786 3989 quis
807 3907 888 3989 init,
912 3907 971 3988 qui
992 3927 1064 3970 non
1084 3908 1155 3973 eius
1173 3929 1255 3972 voce
1276 3911 1434 3973 maculari
1454 3933 1524 3975 rem
1547 3911 1717 3992 publicam
1738 3933 1859 3995 seque,
1887 3916 1917 3978 si

116 4042 193 4086 eum
212 4019 359 4100 audiret,
379 4020 502 4081 scelere
522 4013 681 4099 adstringi
699 4012 937 4076 arbitraretur?

116 4156 574 4177 W—

183 4226 267 4280 Euri.
302 4229 327 4281 1.
342 4228 416 4297 plebs
449 4224 522 4284 ibid.
540 4230 623 4278 atium
638 4226 717 4277 malie
732 4226 851 4278 videatur
865 4223 961 4292 (otiam
977 4229 1142 4299 amplexatur
1158 4223 1313 4296 Madvigius
1330 4242 1345 4277 e
1361 4226 1483 4297 vestigiis
1499 4225 1640 4282 codicum:
1666 4234 1747 4280 atium
1765 4231 1917 4289 malexatur

117 4314 152 4366 A.
169 4313 237 4365 nasis
253 4325 365 4364 assatur
383 4312 427 4379 s.)
462 4310 641 4364 27.0xtrsun
658 4308 767 4376 (contra
785 4317 863 4362 tuum
881 4310 1055 4364 'l'ulliannsnt
1083 4310 1205 4380 praebuit
1228 4309 1368 4379 supplevit
1384 4311 1555 4383 Madvigius,
1580 4331 1641 4366 cum
1660 4313 1825 4369 exideritex
1843 4319 1916 4386 ΑΒ.)

116 4394 189 4452 ibid.
208 4397 302 4450 Uneos
320 4414 372 4449 om.
391 4395 490 4450 additi
508 4409 574 4449 sant
590 4408 701 4448 anctore
720 4393 871 4467 bladrigio.
906 4392 980 4448 ibid.
997 4408 1076 4467 grata
1092 4399 1210 4446 concioni
1215 4397 1278 4464 fuit

186 4505 315 4562 LECTT.
351 4505 432 4560 abed.
466 4509 489 4559 1.
504 4502 653 4578 plebsbad.
688 4503 857 4557 Ibid.otr'urn
874 4506 953 4557 malie
969 4507 1089 4557 videatur
1107 4504 1155 4558 bd.
1173 4512 1254 4557 otium
1263 4507 1340 4574 serre
1353 4508 1432 4560 nasib
1447 4510 1568 4561 videatur
1585 4527 1608 4564 c.
1645 4509 1672 4567 7.
1689 4513 1744 4564 itte
1756 4514 1913 4582 temporibus

117 4594 221 4649 dsola.
257 4592 302 4646 12.
316 4590 599 4647 ostendebaturcsola.
635 4591 676 4648 19.
690 4594 805 4660 perspici
811 4603 896 4660 posset
908 4590 985 4643 abed.
1023 4589 1095 4644 ibid.
1111 4593 1306 4643 sceleratissimo
1320 4596 1453 4643 'conciones
1466 4593 1578 4646 bunun
1591 4593 1619 4648 d.
1657 4595 1698 4648 2⁰.
1719 4615 1790 4647 trenta
1805 4600 1910 4664 integer.
1966 4636 1969 4641 .
2026 4616 2033 4633 .

116 4690 191 4733 nant
207 4695 273 4730 erasm
290 4677 353 4729 illae
369 4695 394 4729 a.
429 4675 471 4729 2³.
480 4678 588 4745 sactus,
603 4681 658 4748 egit
674 4692 779 4726 musam
796 4694 821 4728 a.
856 4675 899 4727 27.
917 4688 996 4745 pato
1014 4680 1040 4727 in
1058 4679 1260 4746 contionesur't,
1282 4696 1335 4749 qao
1352 4678 1456 4730 silentc'o
1473 4699 1498 4734 a.
1534 4679 1608 4735 ibid.
1624 4694 1707 4751 grata
1724 4682 1838 4731 caverim·
1851 4679 1916 4746 suit

115 4764 145 4820 b.
163 4780 220 4816 non
238 4760 281 4813 cd.
317 4762 430 4814 Retenta
447 4761 564 4812 lectione
581 4759 670 4812 Codd.
689 4762 786 4814 berno.
806 4762 971 4830 optimorum
990 4765 1017 4811 in
1034 4761 1194 4812 contionibus
1212 4760 1310 4813 clarius
1328 4763 1410 4814 etiam
1427 4775 1540 4834 apparet
1558 4763 1627 4815 banc
1645 4781 1699 4815 esse
1718 4761 1800 4813 otiosi
1819 4777 1909 4833 gram·

117 4851 210 4900 matini
228 4848 432 4901 annotationem
449 4845 564 4915 margini
582 4844 733 4916 aliquando
749 4843 932 4914 adscriptam,
953 4861 1034 4916 quam
1051 4858 1218 4897 correcturos
1236 4844 1363 4899 librarius
1382 4846 1452 4901 eod.
1471 4849 1565 4919 Regii,
1591 4847 1638 4917 qui
1657 4844 1729 4896 haud
1749 4864 1809 4898 raro
1827 4846 1915 4900 inter·

118 4930 233 5001 polaadi
256 4941 341 4983 artem
364 4931 495 4992 exercuit,
520 4945 659 4980 numerum
684 4928 846 5000 singularem
873 4930 968 5001 utique
990 4928 1080 4982 minus
1103 4931 1225 4999 ineptum
1248 4929 1391 4981 substituit
1416 4931 1525 5000 plurali.
1561 4928 1633 4991 ibid.
1658 4930 1780 4982 contende
1803 4929 1822 4983 b
1846 4931 1912 4985 sola.

120 5017 163 5069 28.
180 5020 303 5069 macram
319 5013 363 5068 cd.
379 5031 436 5066 non
454 5016 481 5067 b.
516 5002 683 5084 30.'ingrnta
700 5018 750 5065 sit.-
766 5019 791 5065 si
805 5013 865 5067 aba.
882 5028 939 5065 non
957 5010 986 5064 d.
1021 5012 1176 5066 anstrum
1192 5014 1295 5064 audiret
1312 5014 1371 5065 abc.
1391 5031 1449 5067 non
1473 5013 1501 5067 d.
2015 4998 2018 5005 ’

187 5123 313 5179 Lucos.
330 5123 426 5178 MEM.
460 5123 501 5176 1⁵.
519 5142 609 5193 operas
623 5140 762 5176 removens
778 5120 945 5190 Madvigius,
963 5139 1053 5192 operas
1069 5123 1207 5174 conductas
1223 5128 1361 5176 annovera}
1378 5123 1525 5178 Muellerus
1542 5125 1572 5178 in
1591 5123 1670 5179 Curis
1684 5143 1736 5180 sec.
1773 5124 1841 5178 Cum
1852 5143 1912 5176 eon-

117 5210 253 5264 surorum
275 5211 321 5262 vix
343 5212 379 5263 sit
402 5224 462 5280 gea.
486 5207 558 5278 piar.
582 5226 641 5263 voc.
665 5209 819 5266 conductor,
845 5207 937 5259 malim
963 5223 1036 5259 arras
1053 5212 1239 5260 concitatarum
1257 5225 1272 5260 a
1290 5226 1350 5264 vos.
1368 5214 1527 5275 concitator,
1553 5223 1582 5263 ut
1604 5208 1630 5275 §.
1647 5209 1705 5265 11⁰.
1742 5211 1784 5265 21.
1799 5218 1911 5281 poterat.

119 5295 204 5349 bant
223 5293 287 5348 suaa
304 5292 469 5365 Madvigius.
