4740 6068
312 399 358 472 14

271 571 273 575 ⁴
308 593 481 646 venturam
501 580 628 644 fuisse?
649 616 689 630 -
708 583 758 642 An
778 579 861 643 ussi
880 579 965 662 ipsi,
993 589 1030 642 ut
1053 580 1189 660 quidam
1209 589 1343 663 putant,
1371 583 1435 646 tuit
1454 601 1543 647 mors
1564 604 1671 665 aequo
1692 587 1805 649 animo
1828 593 2040 671 oppetenda?
2060 628 2105 645 ·-·

307 687 420 771 Quid?
452 696 522 749 tum
542 695 727 749 mortemne
746 685 941 770 fugiebam?
971 705 1014 749 an
1034 695 1103 749 erat
1121 705 1176 750 res
1195 689 1278 768 ulla,
1297 707 1399 767 quam
1420 688 1504 752 mihi
1523 689 1628 774 magis
1649 695 1830 774 optandam
1848 701 2022 777 putarem?
2040 710 2102 763 aut

306 813 369 877 ego
398 791 472 853 illas
502 810 556 853 res
582 800 687 853 tantas
715 791 751 852 in
779 800 867 855 tanta
893 791 1125 871 improborum
1152 791 1363 869 multitudine
1389 813 1465 855 cum
1493 797 1664 876 gerebam,
1692 816 1761 858 non
1785 799 1868 860 mihi
1889 819 1999 881 mors,
2030 823 2101 866 non

306 897 442 960 exilium
461 898 505 959 ob
528 899 643 959 oeulos
664 898 880 959 versabatur?
911 915 982 957 non
1001 899 1083 958 haec
1103 896 1247 976 denique
1266 918 1285 959 a
1306 918 1360 959 me
1381 907 1451 960 tum
1475 908 1642 978 tamquam
1661 899 1728 962 iata
1749 900 1784 962 in
1805 901 1878 984 ipsa
1897 911 2101 989 regerenda

269 1003 533 1066 5canebantur?
564 1022 606 1063 an
627 1011 696 1064 erat
718 1001 801 1063 mihi
820 1001 856 1062 in
876 1010 968 1063 tanto
988 1002 1077 1064 luctu
1098 1021 1264 1081 meorum,
1291 1011 1379 1064 tanta
1402 1002 1641 1084 disiunctione,
1667 1014 1757 1066 tanta
1783 1006 1977 1087 acerbitate,
2008 1020 2101 1073 tanta

305 1108 503 1190 spoliatione
524 1109 674 1170 omnium
694 1128 820 1187 rerum,
841 1125 921 1185 quas
941 1105 1024 1167 mihi
1043 1115 1098 1169 aut
1118 1116 1235 1170 natura
1248 1118 1304 1171 aut
1316 1108 1449 1171 fortuna
1463 1111 1612 1189 dederat,
1635 1109 1701 1172 vita
1714 1108 1907 1173 retinenda?
1930 1122 1996 1174 tam
2009 1134 2100 1177 eram

305 1213 410 1295 rudis,
425 1223 487 1275 tarn
499 1212 635 1295 ignarus
648 1199 781 1276 rerum?
795 1223 861 1273 tam
876 1232 991 1292 expers
1005 1211 1123 1274 consili
1136 1221 1192 1274 aut
1204 1212 1339 1296 ingeni?
1351 1213 1436 1275 nihil
1448 1213 1639 1276 audieram?
1652 1213 1736 1276 nibil
1751 1215 1920 1278 videram?
1934 1217 2019 1279 nihil
2028 1217 2100 1300 ipse

303 1319 444 1402 legendo
459 1319 717 1396 quaerendoque
730 1318 973 1399 cognoveram?
994 1317 1182 1379 nesciebam
1195 1317 1282 1380 vitae
1294 1320 1429 1379 brevem
1443 1337 1514 1380 csse
1528 1338 1680 1399 cursum,
1698 1317 1825 1402 gloriae
1839 1320 2102 1402 sempiternum?

305 1444 379 1484 cum
401 1432 486 1485 esset
506 1421 661 1483 omnibus
683 1420 818 1483 definita
838 1439 950 1500 mors,
968 1422 1149 1502 optandum
1170 1440 1258 1502 esse,
1279 1431 1316 1483 ut
1334 1421 1415 1502 vita,
1444 1441 1529 1501 quae
1550 1421 1736 1485 necessitati
1756 1425 1951 1497 deberetur,
1974 1425 2102 1506 patriae

249 1535 287 1597 10
306 1526 417 1607 potius
438 1529 560 1587 donata
580 1546 679 1605 quam
700 1536 865 1588 reservata
886 1536 1020 1589 naturae
1039 1526 1230 1589 videretur?
1252 1525 1433 1588 nesciebam
1451 1525 1536 1589 inter
1555 1526 1827 1609 sapientissumos
1846 1528 1999 1592 homines
2013 1531 2101 1593 banc

303 1629 548 1691 contentionem
569 1629 691 1702 fuisse,
722 1641 758 1692 ut
779 1630 836 1692 alii
856 1631 1002 1694 dicerent
1021 1632 1151 1695 animos
1172 1631 1348 1695 hominum
1368 1652 1550 1712 sensusque
1573 1642 1680 1694 morte
1709 1633 1887 1717 restingui,
1914 1633 1972 1696 alii
1989 1644 2099 1696 autem

303 1744 373 1793 tum
394 1753 549 1796 maxume
568 1734 688 1796 mentis
709 1735 906 1816 sapientium
927 1756 965 1799 ac
986 1736 1123 1799 fortium
1141 1737 1309 1819 virorum,
1338 1758 1414 1799 cum
1443 1759 1462 1800 e
1489 1756 1630 1818 corpore
1653 1735 1886 1816 excessissent,
1915 1737 2037 1799 sentire
2058 1757 2097 1799 ao

303 1836 439 1919 vigere?
460 1858 603 1916 quorum
623 1842 765 1902 alterum
784 1841 982 1924 fugiendum
1003 1862 1072 1904 nou
1092 1863 1181 1918 esse,
1202 1865 1312 1907 carere
1332 1864 1452 1906 sensu:
1473 1845 1612 1907 alterum
1625 1840 1723 1903 etiam
1738 1843 1939 1923 optandum,
1959 1843 2100 1904 meliore

301 1963 374 2005 esse
395 1964 505 2006 seusu.
544 1953 594 2025 48.
616 1947 785 2029 Denique,
805 1967 880 2009 cum
903 1946 1015 2010 omnia
1035 1967 1167 2031 semper
1186 1951 1230 2011 ad
1249 1948 1441 2033 dignitatem
1461 1947 1658 2009 rettulissem
1679 1965 1740 2007 nec
1760 1945 1832 2007 sine
1852 1965 1891 2008 ea
1911 1945 2094 2025 quidquam

247 2047 285 2109 15
305 2052 526 2128 expetendum
547 2071 618 2112 esse
641 2053 771 2115 homini
790 2053 825 2115 iu
845 2055 912 2118 vita
926 2066 1107 2138 putassem,
1130 2064 1286 2131 mortem,
1306 2073 1406 2124 quam
1419 2051 1515 2102 ctiam
1531 2048 1674 2121 virgines
1687 2047 1838 2121 Athenis,
1857 2047 1944 2126 regis
1959 2047 2098 2126 opinor,

301 2153 476 2217 Erechthei
496 2153 684 2236 filiae,p1·0
704 2159 811 2240 patria
831 2158 1068 2236 contempsisse
1089 2157 1258 2216 dicuntur,
1287 2136 1350 2223 'ego
1372 2142 1423 2203 vir
1442 2141 1624 2204 consularis
1646 2146 1742 2207 tantis
1762 2147 1863 2210 rebus
1883 2149 1983 2232 gestis
2004 2151 2100 2214 time<

302 2259 396 2313 rem?
427 2260 618 2332 praesertim
641 2270 717 2306 cum
737 2252 809 2308 eius
830 2265 936 2308 essem
957 2244 1114 2327 civitatis,
1138 2266 1178 2308 ex
1199 2266 1265 2325 qua
1286 2248 1323 2306 C.
1339 2245 1470 2309 Mucius
1492 2247 1584 2308 solus
1603 2245 1640 2307 in
1660 2258 1766 2312 castra
1780 2253 1970 2316 Porsennae
1991 2255 2099 2318 venis-

64 2361 192 2471 ”⁶4⁹³
214 2338 350 2415 tte'sct
370 2374 514 2433 eumque
531 2350 716 2414 interficere
737 2349 909 2432 proposita
929 2349 994 2412 sibi
1014 2362 1121 2412 morte
1141 2359 1278 2413 conatus
1306 2352 1415 2438 esset?
1445 2371 1486 2413 ex
1513 2371 1579 2431 qua
1593 2355 1638 2444 ij
1658 2354 1779 2424 Decius
1806 2354 1952 2437 primum
1981 2368 2094 2439 pater,

300 2453 377 2541 post
396 2461 526 2540 aliquot
545 2477 651 2520 annos
671 2457 777 2538 patria
796 2456 916 2518 virtute
947 2454 1117 2536 praeditus
1145 2453 1233 2517 filius
1261 2475 1297 2517 se
1326 2475 1364 2516 uc
1392 2454 1493 2516 vitam
1520 2477 1613 2518 suam
1642 2457 1800 2521 instructa
1820 2460 1891 2523 acie
1908 2481 1971 2543 pro
1992 2465 2098 2527 salute

244 2566 284 2626 90
303 2566 423 2647 populi
444 2564 586 2626 Romani
606 2561 810 2640 victoriaque
831 2560 1040 2622 devovisset?
1070 2580 1111 2620 ex
1139 2578 1206 2637 qua
1225 2558 1481 2620 innumerabiles
1507 2559 1564 2621 alii
1583 2563 1703 2641 partim
1723 2564 1955 2646 adipiscendae
1973 2569 2095 2648 laudis,

300 2671 421 2751 partim
449 2671 599 2731 vitandae
627 2663 838 2748 turpitudinis
859 2681 956 2724 causa
976 2670 1118 2722 mortem
1138 2660 1173 2722 in
1192 2660 1290 2721 variis
1309 2661 1406 2722 bellis
1425 2663 1644 2741 aequissumis
1664 2668 1782 2730 animis
1803 2669 2030 2752 appetissent?
2060 2673 2096 2735 in

300 2795 366 2854 qua
387 2774 518 2836 civitate
537 2774 608 2856 ipse
630 2769 851 2833 meminissem
871 2774 999 2846 patrem
1018 2763 1116 2826 huius
1128 2767 1174 2828 Μ.
1193 2764 1318 2844 Crassi,
1333 2764 1561 2829 fortissumum
1581 2768 1706 2849 virum,
1725 2790 1768 2830 ne
1789 2772 1916 2834 videret
1935 2774 2093 2840 victorem

300 2879 394 2941 vivos
414 2878 605 2952 inimicum,
626 2874 742 2934 eadem
761 2867 826 2932 sibi
845 2889 945 2931 manu
968 2868 1069 2932 vitam
1089 2870 1295 2955 exhausisse,
1314 2892 1380 2952 qua
1399 2881 1539 2949 mortem
1560 2891 1666 2954 saepe
1680 2874 1833 2936 hostibus
1854 2876 2052 2941 obtulisset?

381 2980 486 3042 XXII.
527 2997 577 3063 ⁴9·
598 2981 689 3040 Haec
702 2995 765 3064 egp
780 2984 811 3037 et
825 2976 928 3037 multa
947 2975 1011 3036 alia
1032 2975 1178 3060 cogitans
1192 2979 1257 3040 hoc
1268 2977 1438 3057 videbam,
1458 2978 1488 3038 si
1500 2996 1630 3039 causam
1644 2979 1812 3060 publicam
1829 3001 1903 3043 mea
1915 3000 2007 3044 mors
2020 3004 2095 3064 per-

239 3095 284 3159 ‘25
304 3085 452 3165 emisset,
479 3083 646 3147 neminem
666 3100 825 3160 umquam
845 3079 932 3159 sore,
961 3078 1020 3158 qui
1040 3081 1175 3144 auderet
1193 3081 1360 3164 suscipere
1379 3089 1490 3142 contra
1509 3081 1681 3161 improbos
1702 3083 1781 3145 rivis
1800 3086 1941 3147 salutem
1966 3087 2016 3148 rei
2033 3108 2095 3168 pu-

299 3193 416 3256 blicae.
457 3191 571 3270 Itaque
591 3208 661 3250 non
684 3188 793 3249 solum
815 3184 843 3245 si
871 3183 904 3246 vi
931 3184 1134 3267 interissem,
1161 3189 1220 3249 sed
1247 3186 1345 3249 etiam
1371 3190 1399 3248 si
1427 3188 1547 3249 morbo
1568 3186 1743 3253 exstinctus
1764 3207 1886 3270 essem,
1907 3191 1980 3252 tore
1999 3201 2095 3273 puta-

206 3310 216 3327 ·
299 3301 394 3378 Iram,
414 3308 451 3360 ut
469 3297 657 3378 exemplum
678 3291 726 3354 rei
746 3288 899 3370 publicae
919 3293 1164 3357 conservandae
1184 3312 1314 3357 mecum
1339 3289 1440 3354 simul
1465 3290 1622 3355 interiret.
1660 3291 1742 3380 Quis
1763 3291 1852 3355 enim
1871 3314 2020 3374 unquam
2039 3317 2093 3358 me

299 3423 319 3462 a
338 3413 452 3465 senatu
479 3401 672 3481 populoque
699 3399 851 3458 Romano
880 3405 971 3457 tanto
996 3400 1162 3459 bonorum
1193 3395 1343 3458 omnium
1368 3395 1479 3458 studio
1503 3415 1574 3458 non
1599 3395 1767 3476 restituto,
1797 3400 1903 3476 (quod
1930 3407 2037 3480 certe,
2062 3399 2092 3464 si

300 3523 406 3566 essem
425 3503 630 3575 interfectus,
651 3501 798 3565 accidere
819 3522 888 3564 non
908 3500 1101 3584 potuisset,)
1125 3503 1227 3567 ullam
1247 3501 1464 3581 reipublicae
1484 3511 1610 3582 partem
1631 3521 1706 3562 cum
1726 3520 1787 3563 sua
1798 3501 1947 3563 minuma
1965 3501 2091 3564 invidia

242 3614 283 3677 30
303 3610 438 3685 auderet
456 3607 636 3691 attingere?
665 3605 799 3669 Servavi
817 3605 918 3688 igitur
937 3605 1192 3688 rempublicam
1213 3606 1357 3668 discessu
1379 3626 1471 3686 meo,
1490 3605 1635 3668 iudicesr
1657 3605 1791 3666 caedem
1809 3623 1830 3664 a
1847 3604 1944 3665 vobis
1964 3605 2093 3669 liberis·

301 3734 366 3793 que
385 3711 517 3791 vestris,
544 3711 744 3793 vastitatem,
772 3710 944 3784 incendia,
969 3710 1100 3793 rapinas
1127 3726 1203 3771 meo
1229 3711 1346 3771 dolore
1366 3711 1523 3787 luctuque
1542 3707 1657 3788 depuli
1675 3718 1706 3769 et
1725 3727 1812 3769 unus
1831 3728 1901 3780 rem
1921 3708 2090 3791 publicam

300 3818 351 3878 bis
371 3817 518 3895 servavi,
539 3817 641 3882 semel
661 3816 788 3898 gloria,
808 3815 925 3877 iterum
947 3836 1104 3879 aerumna
1125 3837 1209 3881 mea.
1252 3817 1368 3893 Neque
1388 3813 1530 3876 enimin
1548 3815 1615 3875 hoc
1635 3833 1689 3873 rne
1702 3811 1873 3874 hominem
1888 3798 1959 3875 esse
1972 3812 2091 3882 infitia-

299 3925 362 3984 bor
393 3942 566 4000 umquam,
588 3929 624 3981 ut
643 3940 696 3981 rne
719 3931 857 4002 optumo
877 3920 993 4001 fratre,
1022 3920 1207 3983 carissumis
1227 3918 1359 3993 liberis,
1379 3917 1547 3981 fidissuma
1573 3917 1727 4000 coniuge,
1757 3926 1868 3978 vestro
1892 3925 2092 3999 conspectu,

301 4028 428 4109 patria,
448 4030 513 4089 hoc
533 4025 671 4088 honoris
692 4027 797 4110 gradu
818 4026 890 4089 sine
910 4026 1026 4094 dolore
1047 4025 1189 4088 caruisse
1207 4023 1341 4110 glorier.
1380 4022 1524 4127 Qqusi
1541 4021 1711 4095 fecissem,
1739 4024 1833 4101 quod
1851 4041 1871 4083 a
1890 4042 1944 4084 me
1964 4022 2090 4085 beneti-

242 4127 282 4189 35
303 4133 390 4194 cium
413 4133 597 4205 haberetis,
628 4153 702 4194 cum
729 4151 792 4212 pro
822 4129 918 4192 vobis
939 4151 994 4206 ea,
1024 4151 1109 4211 quae
1128 4129 1212 4203 mihi
1232 4139 1339 4205 essent
1358 4128 1457 4207 vilia,
1475 4116 1718 4206 reliquissem?
1747 4131 1821 4189 Hoc
1847 4143 1922 4191 meo
1951 4124 2088 4205 quidem

301 4236 412 4297 animo
433 4237 554 4299 summi
578 4237 613 4297 in
632 4235 772 4318 patriam
794 4235 915 4298 amoris
935 4236 1001 4297 mei
1022 4235 1154 4320 siguum
1180 4254 1251 4297 esse
1274 4235 1373 4295 debet
1395 4229 1644 4311 certissumum,
1672 4233 1784 4310 quod,
1810 4251 1883 4293 cum
1910 4231 2025 4298 abesse
2044 4234 2087 4294 ab

301 4359 339 4401 ea
361 4339 432 4400 sine
452 4360 583 4404 summo
605 4344 722 4414 dolore
742 4359 810 4402 non
830 4360 981 4425 possem,
999 4344 1088 4403 bunc
1108 4361 1157 4402 me
1176 4337 1306 4422 perpeti
1325 4357 1425 4418 quam
1438 4336 1529 4398 illam
1543 4334 1732 4409 labefactari
1744 4337 1786 4396 ab
1800 4334 1962 4417 improbis
1976 4336 2088 4400 malui.

369 4604 451 4657 ERN.
486 4605 512 4657 l.
530 4604 699 4655 versabantur
733 4605 776 4658 17.
796 4604 830 4678 Q.
854 4604 961 4656 Mucius
997 4605 1038 4659 23.
1056 4609 1134 4680 uiuos,
1153 4622 1206 4656 om.
1240 4602 1281 4656 25.
1302 4607 1365 4673 reip.
1388 4603 1498 4654 salutern
1525 4602 1567 4660 28.
1586 4605 1698 4652 omnium
1722 4601 1847 4652 bonorum
1878 4601 1919 4652 32.
1942 4602 1981 4651 bis
2006 4619 2084 4671 remp.

302 4691 343 4740 33.
351 4693 512 4762 fidelissima
540 4689 581 4746 37.
599 4707 650 4740 non
663 4709 764 4760 possem
780 4695 836 4742 siae
851 4709 950 4742 summo
965 4693 1054 4749 dolore

367 4842 494 4898 Lect'r.
528 4844 607 4899 abed.
644 4845 668 4896 l.
687 4844 926 4900 versabantursbc.
945 4845 1044 4899 nond.
1079 4845 1104 4898 5.
1121 4847 1318 4897 eomtmbantur
1334 4841 1412 4899 abed.
1450 4839 1521 4893 lbid.
1539 4858 1666 4900 macrum,
1687 4845 1715 4892 a·
1734 4851 1808 4890 tanta
1826 4839 1885 4892 disi.
1908 4838 1966 4895 abc.
1982 4856 2037 4891 non
2056 4840 2083 4893 d.

300 4931 324 4981 8.
341 4933 423 4980 uitam
438 4930 537 4982 breuem
552 4950 616 4991 esse,
635 4949 737 4982 cursum
754 4931 856 5002 gloriae
873 4949 888 4985 ι
906 4929 975 4986 sola.
1008 4928 1331 5004 remeatremeat.
1365 4925 1407 4982 2⁵.
1423 4924 1696 4996 rcip.salutcmabed.
1730 4925 1774 4978 28.
1790 4941 1858 4975 nunc
1869 4932 1988 4977 restituto
1998 4931 2084 4977 omnia

237 5052 245 5069 .
299 5017 371 5066 adire
392 5017 512 5086 pericula
533 5037 581 5086 pro
606 5037 635 5070 ra
657 5006 765 5091 publica
788 5017 918 5070 dubitabit
940 5019 1012 5088 quod
1032 5017 1090 5073 abe.
1117 5035 1174 5069 non
1201 5015 1227 5067 d.
1270 5016 1312 5068 29.
1336 5013 1468 5085 nunquam
1491 5013 1603 5064 accidere
1623 5014 1762 5080 potuisset,
1788 5023 1818 5063 at
1841 5016 1976 5083 qumquam
2001 5011 2084 5064 uttan

301 5102 433 5154 ahman
452 5099 479 5151 d.
506 5101 558 5181 ¹32.
575 5101 744 5155 dominantia
762 5103 810 5156 lroc
828 5105 932 5178 pecias.
949 5120 973 5156 a.
991 5100 1240 5173 bomiacmr'nfibc
1260 5118 1316 5155 oon
1335 5097 1363 5151 d.
1398 5098 1440 5152 37.
1457 5117 1509 5151 nan
1522 5117 1620 5168 possam
1636 5095 2042 5161 sincrummodolorarbo.norr
2054 5097 2081 5148 d.

372 5251 496 5306 secut.
512 5253 607 5306 ttEttt.
643 5257 668 5307 l'.
686 5256 775 5309 Fore:
792 5255 835 5307 At
851 5281 887 5296 -
904 5278 939 5305 s-
954 5256 1103 5328 cppctcada.
1138 5255 1163 5308 t.
1179 5258 1288 5307 existam
1304 5252 1452 5318 Muellerus
1471 5251 1601 5324 probante
1618 5246 1769 5329 Madvigio.
1803 5244 1915 5300 Atride
1927 5245 1980 5303 Ed.
1995 5262 2080 5309 meam

199 5406 204 5415 ¹
300 5341 429 5394 minorem
447 5353 475 5393 ct
491 5358 541 5412 pro
558 5339 657 5394 Archia
676 5341 710 5402 ὓ,
727 5344 769 5394 tt.
787 5348 872 5401 arania
886 5344 1004 5416 pericula
1019 5347 1108 5397 mortis
1125 5353 1203 5414 atquc
1218 5342 1290 5403 exili.
1472 5336 1474 5341 ⁴
